,,,,,,,,
,DETAILED STATEMENT,,,,,,,
,Search,,,,,,,
,Account Number,,110301508979(INR)  - SOUVIK DEY,,,,,
,Transaction Date from,,26/06/2023,to,25/06/2024,,,
,Transaction Period,,Today,,,,,
,Advanced Search,,,,,,,
,Amount from,,NA,to,NA,,,
,Cheque number from,,NA,to,NA,,,
,Transaction remarks,,NA,,,,,
,Transaction type,,All,,,,,
,Transactions List -  SOUVIK DEY - 110301508979,,,,,,,
,S No.,Value Date,Transaction Date,Cheque Number,Transaction Remarks,Withdrawal Amount (INR ),Deposit Amount (INR ),Balance (INR )
,1,24/06/2023,26/06/2023,-,UPI/354189273520/Payment from Ph/Q228735060@ybl/Yes Bank Ltd/YBL1965ffccd16c42c,560.00,0.0,393.62
,2,25/06/2023,26/06/2023,-,UPI/317697128558/UPI/ayanban.512@oks/State Bank Of I/SBI10a50b4eb2614616ac4d827,0.0,1000.00,1393.62
,3,25/06/2023,26/06/2023,-,NFS/SPCN2361/CASH WDL/25-06-23                    ,1000.00,0.0,393.62
,4,26/06/2023,26/06/2023,-,UPI/317716827609/UPI/amsouvik@dbs/DBS Bank India /DBSef1c6ccd9cea4ce7851e4deb91,0.0,3000.00,3393.62
,5,26/06/2023,26/06/2023,-,UPI/317760898455/NA/dominospizzaonl/Paytm Payments,445.00,0.0,2948.62
,6,27/06/2023,27/06/2023,-,UPI/317852877453/Oid21381751562@/add-money@paytm/Paytm Payments /PTM9e17047ee9b,669.00,0.0,2279.62
,7,27/06/2023,27/06/2023,-,UPI/317811884411/UPI/amsouvik@dbs/DBS Bank India /DBS2ea7ec5ae8fa4ca785557c3b48,0.0,18000.00,20279.62
,8,27/06/2023,27/06/2023,-,UPI/354440980750/Paid by Groww P/growwnbt@yesg/Yes Bank Ltd/YJP230627053626I26X,18000.00,0.0,2279.62
,9,27/06/2023,27/06/2023,-,UPI/317818294611/Payment from Ph/ifarhan86210@ok/ICICI Bank/YBL1856c1e01f174997,140.00,0.0,2139.62
,10,27/06/2023,27/06/2023,-,NEFT-IN1ON23062702WYJ-CLOUDKAPTAN CONSULTANCY SERVICES PR-/ACC/SALARY JUNE 2023,0.0,106357.00,108496.62
,11,27/06/2023,27/06/2023,-,UPI/317829593512/Payment from Ph/paytmqr1mh6zb9u/Paytm Payments /YBLaeb58def3a1,10.00,0.0,108486.62
,12,27/06/2023,27/06/2023,-,UPI/354489824887/Payment from Ph/7044127246@ybl/Axis Bank Ltd./YBLc47031195b284,110.00,0.0,108376.62
,13,28/06/2023,28/06/2023,-,UPI/354588747144/Paid by Groww P/growwnbt@yesg/Yes Bank Ltd/YJP230628042217QDF5,24000.00,0.0,84376.62
,14,28/06/2023,28/06/2023,-,UPI/354561342803/Payment from Ph/ritu271998@ybl/State Bank Of I/YBL7f60809f963d,130.00,0.0,84246.62
,15,28/06/2023,28/06/2023,-,UPI/317934505224/Payment from Ph/paytmqr1b9tjucb/Paytm Payments /YBL56663255110,40.00,0.0,84206.62
,16,28/06/2023,28/06/2023,-,UPI/317997297706/Payment from Ph/paytmqr1mh6zb9u/Paytm Payments /YBLfdd58abfcfa,17.00,0.0,84189.62
,17,28/06/2023,28/06/2023,-,UPI/354585415406/Payment from Ph/9831582275@ybl/State Bank Of I/YBL0220b47cdee4,130.00,0.0,84059.62
,18,28/06/2023,28/06/2023,-,UPI/317941333640/Swiggy Order Id/swiggyupi@axisb/Axis Bank Ltd./AXISSDKV31ec91d,608.00,0.0,83451.62
,19,29/06/2023,29/06/2023,-,NFS/APRH8360/CASH WDL/29-06-23                    ,2000.00,0.0,81451.62
,20,29/06/2023,29/06/2023,-,UPI/318073081963/Payment from ,550.00,0.0,80901.62
,,,,,Ph/paytmqr28100505/Paytm Payments /IBLb408fa79edd,,,
,21,29/06/2023,29/06/2023,-,UPI/354613871509/Payment from Ph/kgnfarniturehub/Axis Bank Ltd./YBL78a7bbfd8447,1050.00,0.0,79851.62
,22,29/06/2023,30/06/2023,-,110301508979:Int.Pd:30-03-2023 to 29-06-2023      ,0.0,249.00,80100.62
,23,30/06/2023,30/06/2023,-,UPI/318153451257/Paid by Groww P/growwnbt@yesg/Yes Bank Ltd/YJP230630052324FXIR,14000.00,0.0,66100.62
,24,30/06/2023,30/06/2023,-,UPI/318117619516/UPI Payment/amsouvik@dbs//ICIb26d,6000.00,0.0,60100.62
,25,30/06/2023,30/06/2023,-,UPI/318117645545/UPI Payment/amsouvik@paytm//ICIb3590995a84746168d15fc5e5bd7dbd,2500.00,0.0,57600.62
,26,30/06/2023,30/06/2023,-,UPI/318122571924/UPI/jaswalrahul92@o/ICICI Bank/ICIa2d0e6779d50410395d9208688c1,222.00,0.0,57378.62
,27,30/06/2023,30/06/2023,-,UPI/354734377989/UPI/arijitnaskar047/Union Bank of I/ICI0fca14abdc0c4b629e3f8c2,350.00,0.0,57028.62
,28,01/07/2023,01/07/2023,-,UPI/318224357769/NA/upiswiggy@icici/ICICI Bank/PTM117dffda5bd6452995f03c40ea219,292.00,0.0,56736.62
,29,02/07/2023,03/07/2023,-,UPI/318356276336/Payment from Ph/paytmqr28100505/Paytm Payments /YBL1b4327b2f52,560.00,0.0,56176.62
,30,02/07/2023,03/07/2023,-,UPI/354929694403/Payment from Ph/Q241487269@ybl/Yes Bank Ltd/YBL43f0d3d4ae09444,180.00,0.0,55996.62
,31,02/07/2023,03/07/2023,-,UPI/318349174075/Payment from Ph/paytmqr28100505/Paytm Payments /YBL6f0153c5e5e,20.00,0.0,55976.62
,32,02/07/2023,03/07/2023,-,UPI/354900373300/Payment from Ph/Q397365288@ybl/Yes Bank Ltd/YBL264eaa210b9e4d0,18.00,0.0,55958.62
,33,03/07/2023,03/07/2023,-,UPI/355049467687/UPI/sayantansarkar8/HDFC BANK LTD/ICI9b23dc6d4d784f41a54e0b3d5,300.00,0.0,55658.62
,34,03/07/2023,03/07/2023,-,UPI/318492002838/Payment from Ph/paytmqr1b9tjucb/Paytm Payments /YBLb17890784a5,131.00,0.0,55527.62
,35,03/07/2023,03/07/2023,-,UPI/318465425243/Payment from Ph/bipinmistri43-2/Yes Bank Ltd/YBL57b8da957abd41,125.00,0.0,55402.62
,36,04/07/2023,04/07/2023,-,UPI/318509870747/UPI/amsouvik@dbs/DBS Bank India /DBS53fe10612536472ab0f6a51900,0.0,30000.00,85402.62
,37,04/07/2023,04/07/2023,-,UPI/318529389500/UPI Payment/amsouvik@dbs//ICIbf9e,202.00,0.0,85200.62
,38,05/07/2023,05/07/2023,-,UPI/318683624115/Payment from Ph/mdrhaim0786@oka/Punjab National/YBLadcf55a8d52,130.00,0.0,85070.62
,39,05/07/2023,05/07/2023,-,LPCALXX51005 JUL23 Souvik Dey                     ,4875.00,0.0,80195.62
,40,08/07/2023,08/07/2023,-,CMS/ GROWW WITHDRAW REQ SOUVIK DEY/NEXTBILLION TE ,0.0,69.60,80265.22
,41,08/07/2023,10/07/2023,-,UPI/318958497314/payment on CRED/credpay.swiggy@/Axis Bank Ltd./ACDb6BpZJ85bjgY,719.00,0.0,79546.22
,42,09/07/2023,10/07/2023,-,UPI/355642073930/Payment from Ph/tuhinroy06@ybl/Axis Bank Ltd./YBLc378c06b24134,1000.00,0.0,78546.22
,43,09/07/2023,10/07/2023,-,UPI/355699560157/Payment from Ph/Q515348909@ybl/Yes Bank Ltd/YBLf1b052426d7f49f,420.00,0.0,78126.22
,44,09/07/2023,10/07/2023,-,UPI/319092208186/Payment from Ph/fcbiznwppgw@fre/Axis Bank Ltd./IBL113ee1a47f7d,5000.00,0.0,73126.22
,45,09/07/2023,10/07/2023,-,IPS/DUNLOPBRIDG/202307092023/000000049325/KOLKATA ,340.00,0.0,72786.22
,46,09/07/2023,10/07/2023,-,UPI/319041950900/payment on CRED/cred.club@axisb/Axis Bank Ltd./ACD7byezVlba5RZ,18743.27,0.0,54042.95
,47,09/07/2023,10/07/2023,-,UPI/319037140645/Payment from Ph/rjnasirul158-1@/Kotak Mahindra /YBL56523fa5f2f,20.00,0.0,54022.95
,48,10/07/2023,10/07/2023,-,UPI/355705877297/Sent from Paytm/amsouvik@paytm/Paytm Payments /PTMf120e41bf65e,0.0,4874.00,58896.95
,49,10/07/2023,10/07/2023,-,UPI/355705912225/Sent from Paytm/amsouvik@paytm/Paytm ,0.0,2000.00,60896.95
,,,,,Payments /PTMcbedf3d886f3,,,
,50,10/07/2023,10/07/2023,-,UPI/355700649276/Paid via CRED/amitdas.med-1@o/Bank of Baroda/ACDvMj7JjmazLLEGN,120.00,0.0,60776.95
,51,10/07/2023,10/07/2023,-,UPI/319110310447/Paid via CRED/akashsunanda@ok/State Bank Of I/ACDeWaXVKL5Za432,158.00,0.0,60618.95
,52,11/07/2023,11/07/2023,-,UPI/319227892434/payment on CRED/cred.telecom@ax/Axis Bank Ltd./ACDrLvpX02ynW3j,590.00,0.0,60028.95
,53,11/07/2023,11/07/2023,-,UPI/355887464335/payment on CRED/cred.telecom@ax/Axis Bank Ltd./ACD5eBydJYRXm2v,323.00,0.0,59705.95
,54,11/07/2023,11/07/2023,-,UPI/355872975560/Paid via CRED/paytmqr28100505/Paytm Payments /ACDZpLkPBy8BZ8Xa,130.00,0.0,59575.95
,55,11/07/2023,11/07/2023,-,UPI/355894633992/Payment from Ph/Q325943630@ybl/Yes Bank Ltd/YBLbe18383fe07447a,57.00,0.0,59518.95
,56,11/07/2023,11/07/2023,-,UPI/355893671909/Paid via CRED/paytmqr74n58jk1/Paytm Payments /ACD1j4ZPpk8jDG8y,46.00,0.0,59472.95
,57,11/07/2023,11/07/2023,-,UPI/355824129685/Paid via CRED/paytmqrkx03uqjq/Paytm Payments /ACD17EYJ39qEdED8,34.00,0.0,59438.95
,58,12/07/2023,12/07/2023,-,UPI/319343209725/Paid via CRED/Q512972895@ybl/Yes Bank Ltd/ACDkRwzdPwzmLwveQrlJ,991.00,0.0,58447.95
,59,13/07/2023,13/07/2023,-,UPI/319493480008/payment on CRED/cred.club@axisb/Axis Bank Ltd./ACDb6BpZP89YL9Q,1310.00,0.0,57137.95
,60,13/07/2023,13/07/2023,-,UPI/319424887815/payment on CRED/cred.utility@ax/Axis Bank Ltd./ACD6RaG1JanZYDv,848.00,0.0,56289.95
,61,13/07/2023,13/07/2023,-,UPI/356077005739/Paid via CRED a/ranaadhikary201/State Bank Of I/ACDYLzvJ5keYMz,130.00,0.0,56159.95
,62,14/07/2023,14/07/2023,-,UPI/319563445415/Paid via CRED/mrinmoydevnath1/Bank of Baroda/ACDyXKQkPLXzDzweK,150.00,0.0,56009.95
,63,14/07/2023,14/07/2023,-,UPI/356105238157/Paid via CRED/avijitdey9007@i/Bandhan Bank/ACDLvpXP2gWWgmwwzK1,110.00,0.0,55899.95
,64,14/07/2023,14/07/2023,-,UPI/356178614174/PayviaRazorpay/bsestarmfrzp@ic/ICICI Bank/YJP2307141046118Z6HH,2000.00,0.0,53899.95
,65,14/07/2023,14/07/2023,-,UPI/319529074110/Payment from Ph/AMZN0013577835@/UCO Bank/YBL5ff6e566e8c7474ba1,20.00,0.0,53879.95
,66,14/07/2023,14/07/2023,-,NFS/P1CNKO04/CASH WDL/14-07-23                    ,400.00,0.0,53479.95
,67,14/07/2023,14/07/2023,-,UPI/319592048704/Paid via CRED/9163417235@ibl/Airtel Payments/ACDbyezVlBl5Kxen5,200.00,0.0,53279.95
,68,15/07/2023,15/07/2023,-,INF/IWISH CONTRIBUTION                            ,32050.00,0.0,21229.95
,69,15/07/2023,15/07/2023,-,UPI/319655616974/Paid via CRED/Q17375241@ybl/Yes Bank Ltd/ACD52gDP76MBkE7qWdjJj,2250.00,0.0,18979.95
,70,15/07/2023,15/07/2023,-,UPI/319628925148/Paid via CRED/Q302024477@ybl/Yes Bank Ltd/ACDbyezPlB5BXeqKEyaV,215.00,0.0,18764.95
,71,15/07/2023,15/07/2023,-,UPI/319646751642/Payment from Ph/fcbiznwppgw@fre/Axis Bank Ltd./YBLf8f3f9032f29,7320.00,0.0,11444.95
,72,16/07/2023,17/07/2023,-,UPI/319757295750/Paid via CRED/fcbiznwppgw@fre/Axis Bank Ltd./ACDQwXvPmn7dXe4e9,6959.00,0.0,4485.95
,73,16/07/2023,17/07/2023,-,NEFT-SBIN423197109287-ITDTAX REFUND 2023 24 BZYPD3368JIT-/ATTN//INB-00000033273,0.0,45910.00,50395.95
,74,16/07/2023,17/07/2023,-,UPI/319762807184/UPI Payment/amsouvik@dbs//ICI1407,45910.00,0.0,4485.95
,75,16/07/2023,17/07/2023,-,UPI/319792222885/payment on CRED/credpay.swiggy@/Axis Bank Ltd./ACD7eBd201dYNY1,476.00,0.0,4009.95
,76,17/07/2023,17/07/2023,-,UPI/319858211828/PayviaRazorpay/bsestarmfrzp@ic/ICICI Bank/YJP2307170950298TUWD,2000.00,0.0,2009.95
,77,17/07/2023,17/07/2023,-,UPI/319810905639/UPI/amsouvik@dbs/DBS Bank India /DBSe99fac98a433419d8dedd28d47,0.0,45000.00,47009.95
,78,17/07/2023,17/07/2023,-,UPI/356427485461/Sent from Paytm/amsouvik@paytm/Paytm Payments /PTMeb6d551c523e,0.0,1800.00,48809.95
,79,17/07/2023,17/07/2023,-,UPI/356483320759/Payment from Ph/Q228735060@ybl/Yes Bank Ltd/YBLfa6cb7c2fb04473,230.00,0.0,48579.95
,80,17/07/2023,17/07/2023,-,UPI/319834705554/Pay to BharatPe/BHARATPE9072263/Yes Bank Ltd/YBL76ed50d3dedc4e,60.00,0.0,48519.95
,81,18/07/2023,18/07/2023,-,CMS/ GROWW WITHDRAW REQ SOUVIK DEY/NEXTBILLION TE ,0.0,20000.00,68519.95
,82,18/07/2023,18/07/2023,-,UPI/319979126995/Payment from Ph/paytmqrpit3yz93/Paytm Payments /YBL8ea9feed96b,38.00,0.0,68481.95
,83,18/07/2023,18/07/2023,-,UPI/319904441368/Payment from Ph/paytmqr8wio0c9z/Paytm Payments /IBLa32da947872,47.00,0.0,68434.95
,84,18/07/2023,18/07/2023,-,ATMDEC CHG/25-06-2023/3510+GST                    ,29.50,0.0,68405.45
,85,18/07/2023,18/07/2023,-,UPI/319922752965/payment on CRED/credpay.swiggy@/Axis Bank Ltd./ACDp2bY7PqKBqMQ,522.00,0.0,67883.45
,86,18/07/2023,18/07/2023,-,UPI/319935739800/Paid via CRED a/ayanmitra123456/Paytm Payments /ACDyRLwJvQ1ndx,150.00,0.0,67733.45
,87,18/07/2023,19/07/2023,-,UPI/356504310842/payment on CRED/credpay.swiggy@/Axis Bank Ltd./ACD7eBd2P1e14Qv,487.00,0.0,67246.45
,88,19/07/2023,19/07/2023,-,UPI/356616765963/payment on CRED/credpay.swiggy@/Axis Bank Ltd./ACDyrX8dPzkzMDB,633.00,0.0,66613.45
,89,19/07/2023,19/07/2023,-,UPI/320019496842/payment on CRED/credpay.swiggy@/Axis Bank Ltd./ACDmMLrzVEd53L5,488.00,0.0,66125.45
,90,19/07/2023,19/07/2023,-,UPI/320072484168/UPI Payment/amsouvik@dbs//ICIbb59,20000.00,0.0,46125.45
,91,20/07/2023,20/07/2023,-,UPI/320158554251/payment on CRED/credpay.swiggy@/Axis Bank Ltd./ACDwYLzvP5xRKD2,321.00,0.0,45804.45
,92,21/07/2023,21/07/2023,-,UPI/320221115994/Payment from Ph/paytmqrpit3yz93/Paytm Payments /YBLd32916eb271,32.00,0.0,45772.45
,93,21/07/2023,21/07/2023,-,UPI/356814959746/Payment from Ph/Q449348041@ybl/State Bank Of I/YBL97cfb5c1fb09,17.00,0.0,45755.45
,94,21/07/2023,21/07/2023,-,UPI/320269534048/Paid via CRED/Q305084940@ybl/Yes Bank Ltd/ACDmZdn0r2l6B51mjkL0,10.00,0.0,45745.45
,95,21/07/2023,21/07/2023,-,UPI/320264825569/Paid via CRED/q705150935@ybl/State Bank Of I/ACD9e6bVQW7vwKY6Q,75.00,0.0,45670.45
,96,22/07/2023,22/07/2023,-,UPI/356943168312/Payment from Ph/Q019752650@ybl/Yes Bank Ltd/YBL0b78e069888e4e7,60.00,0.0,45610.45
,97,23/07/2023,24/07/2023,-,MMT/IMPS/320415944618/ICICIWZV5kxYC2vdP8Et/credUse,0.0,15500.00,61110.45
,98,23/07/2023,24/07/2023,-,UPI/320486758745/UPI/saradindu96@oki/ICICI Bank/ICI9c1483a295af47ccb8bf8f7e5918,15500.00,0.0,45610.45
,99,24/07/2023,24/07/2023,-,UPI/320502935367/UPI/amsouvik@dbs/DBS Bank India /DBS30221a768cdd4641b055da9c4d,0.0,22000.00,67610.45
,100,24/07/2023,24/07/2023,-,UPI/357103113361/Paid by Groww P/growwnbt@yesg/Yes Bank Ltd/YJP230723212518SZM9,22000.00,0.0,45610.45
,101,24/07/2023,24/07/2023,-,UPI/320500574109/Sent from Paytm/amsouvik@paytm/Paytm Payments /PTMc5db1946274f,0.0,900.00,46510.45
,102,24/07/2023,24/07/2023,-,UPI/357118092556/Paid by Groww P/growwnbt@yesg/Yes Bank Ltd/YJP230723212815K0Z8,1200.00,0.0,45310.45
,103,24/07/2023,24/07/2023,-,UPI/357113041908/Sent from Paytm/amsouvik@paytm/Paytm Payments /PTM8affb5477e84,0.0,2024.00,47334.45
,104,24/07/2023,24/07/2023,-,UPI/320574439724/Paid via CRED/paytmqrpit3yz93/Paytm Payments /ACD2bY7PqpBwYg7e,51.00,0.0,47283.45
,105,24/07/2023,24/07/2023,-,UPI/320588072604/PayviaRazorpay/bsestarmfrzp@ic/ICICI Bank/YJP2307242154590ZVR6,2000.00,0.0,45283.45
,106,25/07/2023,25/07/2023,-,UPI/320685873562/UPI Payment/amsouvik@dbs//ICI5f79,45000.00,0.0,283.45
,107,25/07/2023,25/07/2023,-,UPI/320613906701/UPI/amsouvik@dbs/DBS Bank India /DBS6a5801fdac9a4bcb853f4f41ea,0.0,29900.00,30183.45
,108,25/07/2023,25/07/2023,-,Dr Tran For Funding iWish A/c 110324001114        ,29886.00,0.0,297.45
,109,25/07/2023,25/07/2023,-,ACH/ACC LIMITED/864094                            ,0.0,92.50,389.95
,110,26/07/2023,26/07/2023,-,UPI/320714851566/UPI/amsouvik@dbs/DBS Bank India /DBS6ff4064b818041afb83c3d9ddb,0.0,45000.00,45389.95
,111,26/07/2023,26/07/2023,-,UPI/357398340071/Paid by Groww P/growwnbt@yesg/Yes Bank Ltd/YJP230726092603XY8A,15000.00,0.0,30389.95
,112,26/07/2023,26/07/2023,-,UPI/357315437997/Paid by Groww P/growwnbt@yesg/Yes Bank Ltd/YJP23072609271927IL,30000.00,0.0,389.95
,113,26/07/2023,26/07/2023,-,UPI/320717833500/UPI/amsouvik@dbs/DBS Bank India /DBS1da132a378aa4d8cbe8dedf4e0,0.0,2000.00,2389.95
,114,26/07/2023,26/07/2023,-,UPI/357382252815/payment on CRED/credpay.swiggy@/Axis Bank Ltd./ACD7byezVlpQMEK,437.00,0.0,1952.95
,115,27/07/2023,27/07/2023,-,UPI/357402859841/payment on CRED/credpay.swiggy@/Axis Bank Ltd./ACDkRwzdPwgG51w,743.00,0.0,1209.95
,116,27/07/2023,27/07/2023,-,UPI/357499381613/Paid via CRED/sahebkundu28@ok/State Bank Of I/ACDb52gDJ7aRw3WG,136.00,0.0,1073.95
,117,27/07/2023,27/07/2023,-,UPI/320806671763/UPI/sahebkundu28@ok/State Bank Of I/ICIe5289830b0f447cd8fd2713,136.00,0.0,937.95
,118,27/07/2023,27/07/2023,-,UPI/320847715103/Payment from Ph/paytmqr8wio0c9z/Paytm Payments /YBL0cd5d04bd1b,10.00,0.0,927.95
,119,27/07/2023,27/07/2023,-,UPI/320835653099/Payment from Ph/paytmqr1b9tjucb/Paytm Payments /YBLd2d724dc722,84.00,0.0,843.95
,120,28/07/2023,28/07/2023,-,UPI/320909936119/UPI/amsouvik@dbs/DBS Bank India /DBSf3a3f8dfae0147de8e9de44ece,0.0,30000.00,30843.95
,121,28/07/2023,28/07/2023,-,UPI/320910958548/UPI/amsouvik@dbs/DBS Bank India /DBSde713aa3352b4a77a1e63b7954,0.0,34000.00,64843.95
,122,28/07/2023,28/07/2023,-,UPI/320979040008/Paid by Groww P/growwnbt@yesg/Yes Bank Ltd/YJP23072804431957XM,34000.00,0.0,30843.95
,123,28/07/2023,28/07/2023,-,UPI/320932270605/Sent from Paytm/amsouvik@paytm/Paytm Payments /PTM3002055daf0b,0.0,100.00,30943.95
,124,28/07/2023,28/07/2023,-,UPI/320996271251/UPI Payment/amsouvik@paytm//ICI880e497aa8c04bbfb1b28ac170ef843,100.00,0.0,30843.95
,125,28/07/2023,29/07/2023,-,UPI/320935048563/Payment from Ph/paytmqr28100505/Paytm Payments /YBLc4459a39e50,290.00,0.0,30553.95
,126,29/07/2023,29/07/2023,-,UPI/321093271365/Payment from Ph/9731849218@payt/Paytm Payments /YBL5e9c4e36bc6,100.00,0.0,30453.95
,127,29/07/2023,29/07/2023,-,UPI/321014883351/UPI/amsouvik@dbs/DBS Bank India /DBS2c26dec840874043ad1253f05a,0.0,2000.00,32453.95
,128,29/07/2023,29/07/2023,-,UPI/321081931730/UPI/chowdhuryshreya/HDFC BANK LTD/ICI677cb8e35faa420694bf6e75d,500.00,0.0,31953.95
,129,29/07/2023,29/07/2023,-,NEFT-IN1ON23072900WWR-CLOUDKAPTAN CONSULTANCY SERVICES PR-/ACC/SALARY JULY 2023,0.0,115174.00,147127.95
,130,29/07/2023,31/07/2023,-,UPI/357674160198/UPI/dominospizzaonl/Paytm Payment,436.00,0.0,146691.95
,131,30/07/2023,31/07/2023,-,UPI/321100872560/UPI Payment/amsouvik@paytm//ICI9fd1fa0b721d4cee8b010ab3cc8fb33,7000.00,0.0,139691.95
,132,30/07/2023,31/07/2023,-,UPI/321149956199/Paid via CRED/paytm-73970385@/Paytm Payments /ACDyXKQk0L1YKLQq,1625.00,0.0,138066.95
,133,02/08/2023,02/08/2023,-,UPI/321412888034/UPI/amsouvik@dbs/DBS Bank India /DBS0b1072b6fc7a41959d06ad7eeb,0.0,11000.00,149066.95
,134,02/08/2023,02/08/2023,-,UPI/321439681555/UPI/saradindu96@oki/ICICI Bank/ICI8b32870678d14ef5ab31f7eae64b,11000.00,0.0,138066.95
,135,03/08/2023,03/08/2023,-,UPI/321510894989/UPI/amsouvik,0.0,7214.00,145280.95
,,,,,@dbs/DBS Bank India /DBS9c68e58e3fce485c9018d3d20c,,,
,136,03/08/2023,03/08/2023,-,ACCT CLOSURE TRANSACTION                          ,0.0,161608.00,306888.95
,137,03/08/2023,03/08/2023,-,UPI/321585171764/payment on CRED/credpay.swiggy@/Axis Bank Ltd./ACD8aY91VdnXvpg,771.00,0.0,306117.95
,138,04/08/2023,04/08/2023,-,UPI/321640647941/Payment from Ph/sathi54321naska/Punjab National/YBL0256072c6a2,116.00,0.0,306001.95
,139,04/08/2023,04/08/2023,-,UPI/321645101097/Payment from Ph/paytmqr162pzzgb/Paytm Payments /IBL47a7af6412c,40.00,0.0,305961.95
,140,05/08/2023,05/08/2023,-,LPCALXX51005 AUG23 Souvik Dey                     ,4875.00,0.0,301086.95
,141,06/08/2023,07/08/2023,-,UPI/321870481906/payment on CRED/cred.club@axisb/Axis Bank Ltd./ACDXKQkPLMnQ76W,2131.00,0.0,298955.95
,142,06/08/2023,07/08/2023,-,UPI/321873043419/Pay for merchan/swiggy@yespay/Yes Bank Ltd/YJP21d4b3a6c5024a53,1007.00,0.0,297948.95
,143,06/08/2023,07/08/2023,-,UPI/321898768129/Payment from Ph/paytmqr28100505/Paytm Payments /YBL4dd8af52a2b,200.00,0.0,297748.95
,144,07/08/2023,07/08/2023,-,UPI/358574571328/payment on CRED/cred.utility@ax/Axis Bank Ltd./ACD1j4ZPp6MZZMj,1090.00,0.0,296658.95
,145,07/08/2023,07/08/2023,-,UPI/358594159266/payment on CRED/cred.utility@ax/Axis Bank Ltd./ACDmZdnPr2MYrRr,995.00,0.0,295663.95
,146,07/08/2023,07/08/2023,-,UPI/358530069530/Paid by Groww P/growwnbt@yesg/Yes Bank Ltd/YJP230807083756DAAE,30000.00,0.0,265663.95
,147,07/08/2023,07/08/2023,-,UPI/321926813451/UPI Payment/amsouvik@paytm//ICIdb0ff96853714e78be1adc6065f51ce,10964.00,0.0,254699.95
,148,07/08/2023,07/08/2023,-,UPI/321995874534/Payment from Ph/gpay-1120932018/Axis Bank Ltd./YBL09fc2213461d,60.00,0.0,254639.95
,149,08/08/2023,08/08/2023,-,UPI/322051650794/payment on CRED/cred.telecom@ax/Axis Bank Ltd./ACD6BpZJ8rxkNre,584.00,0.0,254055.95
,150,08/08/2023,08/08/2023,-,UPI/322080541517/Paid by Groww P/growwnbt@yesg/Yes Bank Ltd/YJP230808042522DCKV,35000.00,0.0,219055.95
,151,11/08/2023,11/08/2023,-,UPI/358973520591/PayviaRazorpay/bsestarmfrzp@ic/ICICI Bank/YJP230811095611BKB6Q,2000.00,0.0,217055.95
,152,11/08/2023,11/08/2023,-,UPI/322325978475/UPI/DUMMY NAME/Kotak Mahindra /ICI84e1eddb68694b1fac321f0bb5b4,11221.00,0.0,205834.95
,153,11/08/2023,11/08/2023,-,UPI/RVSL322325978475/UPI/DUMMY NAME/Kotak Mahindra /ICI84e1eddb68694b1fac321f0b,0.0,11221.00,217055.95
,154,11/08/2023,11/08/2023,-,UPI/358932686977/UPI/DUMMY NAME/Kotak Mahindra /ICIeb3f5780b26c49f7bdc3b2d554d9,11221.00,0.0,205834.95
,155,11/08/2023,11/08/2023,-,UPI/RVSL358932686977/UPI/DUMMY NAME/Kotak Mahindra /ICIeb3f5780b26c49f7bdc3b2d5,0.0,11221.00,217055.95
,156,11/08/2023,11/08/2023,-,UPI/322339024838/UPI Payment/amsouvik@paytm//ICI8665a625fa494d66ba5d217cae93ea1,11221.00,0.0,205834.95
,157,12/08/2023,12/08/2023,-,NFS/MN196301/CASH WDL/12-08-23                    ,2000.00,0.0,203834.95
,158,13/08/2023,14/08/2023,-,UPI/322521949667/Sent from Paytm/amsouvik@paytm/Paytm Payments /PTM6b9dd0741eee,0.0,15000.00,218834.95
,159,13/08/2023,14/08/2023,-,UPI/359127554772/payment on CRED/credpay.swiggy@/Axis Bank Ltd./ACDDXbyqPNLx8jY,671.00,0.0,218163.95
,160,15/08/2023,16/08/2023,-,INF/IWISH CONTRIBUTION                            ,29886.00,0.0,188277.95
,161,16/08/2023,16/08/2023,-,UPI/322869469361/payment on CRED/credpay.swiggy@/Axis Bank Ltd./ACDELrNjJekwb12,744.00,0.0,187533.95
,162,18/08/2023,18/08/2023,-,UPI/323057518668/UPI Payment/amsouvik@paytm//ICI1996ff6ad288425fa872957cb8af335,5000.00,0.0,182533.95
,163,18/08/2023,18/08/2023,-,UPI/323060327945/Payment from Ph/paytmqrpit3yz93/Paytm Payments /IBLa3c49cc03fd,54.00,0.0,182479.95
,164,19/08/2023,19/08/2023,-,IPS/BROADWAY SE/202308190751/000000000512/HOWRAH  ,3230.89,0.0,179249.06
,165,20/08/2023,21/08/2023,-,VPS/AGM GRAND H/202308201739/323212345685/PURBA ME,5326.00,0.0,173923.06
,166,21/08/2023,21/08/2023,-,UPI/323337688763/PayviaRazorpay/bsestarmfrzp@ic/ICICI Bank/YJP230821132303404TV,2000.00,0.0,171923.06
,167,22/08/2023,22/08/2023,-,UPI/360054699210/PayviaRazorpay/bsestarmfrzp@ic/ICICI Bank/YJP230822130636UPOES,2000.00,0.0,169923.06
,168,22/08/2023,22/08/2023,-,UPI/323456978770/Payment from Ph/shreyasi.sahaof/State Bank Of I/YBL710901b9018,25000.00,0.0,144923.06
,169,24/08/2023,24/08/2023,-,UPI/360227506888/Sent from Paytm/amsouvik@paytm/Paytm Payments /PTM64e6cc8c9d88,0.0,5000.00,149923.06
,170,25/08/2023,25/08/2023,-,UPI/323761963973/Paid by Groww P/growwnbt@yesg/Yes Bank Ltd/YJP230825041304JQ6U,25000.00,0.0,124923.06
,171,25/08/2023,25/08/2023,-,UPI/323732467643/Paid by Groww P/growwnbt@yesg/Yes Bank Ltd/YJP230825041618GUT6,35000.00,0.0,89923.06
,172,25/08/2023,25/08/2023,-,UPI/323799657976/Paid by Groww P/growwnbt@yesg/Yes Bank Ltd/YJP230825042547BR0A,35000.00,0.0,54923.06
,173,25/08/2023,25/08/2023,-,UPI/360352997547/Paid by Groww P/growwnbt@yesg/Yes Bank Ltd/YJP230825042717Y8ZC,30000.00,0.0,24923.06
,174,25/08/2023,25/08/2023,-,INF/iWish Funds Add                               ,10000.00,0.0,14923.06
,175,25/08/2023,25/08/2023,-,UPI/323776116035/UPI Payment/amsouvik@dbs//ICI33fd,10000.00,0.0,4923.06
,176,26/08/2023,26/08/2023,-,UPI/360422522733/Payment from Ph/Q62019025@ybl/Yes Bank Ltd/YBLb9e4ac97a5474216,130.00,0.0,4793.06
,177,27/08/2023,28/08/2023,-,UPI/323971120564/payment on CRED/cred.telecom@ax/Axis Bank Ltd./ACDb52gDP7gyKrm,660.00,0.0,4133.06
,178,27/08/2023,28/08/2023,-,UPI/323964713123/Payment from Ph/6289731317@payt/Kotak Mahindra /YBL8e65ce6a0c4,120.00,0.0,4013.06
,179,27/08/2023,28/08/2023,-,UPI/360507269760/Payment from Ph/Q546379113@ybl/Yes Bank Ltd/YBLa9be1c23c13d4d8,26.00,0.0,3987.06
,180,27/08/2023,28/08/2023,-,UPI/323934243565/Payment from Ph/MAB.03713304441/Axis Bank Ltd./IBLf0100d5684a1,600.00,0.0,3387.06
,181,27/08/2023,28/08/2023,-,UPI/323965807082/Payment from Ph/MAB.03713304441/Axis Bank Ltd./YBL84fecc8baa49,150.00,0.0,3237.06
,182,27/08/2023,28/08/2023,-,UPI/360571395259/Payment from Ph/Q830604843@ybl/Yes Bank Ltd/YBL4a566fe783d34bf,310.00,0.0,2927.06
,183,27/08/2023,28/08/2023,-,UPI/323933977256/Payment from Ph/Vyapar.16873760/HDFC BANK LTD/YBLfefd8847bb984,586.00,0.0,2341.06
,184,27/08/2023,28/08/2023,-,UPI/360506965848/Payment from Ph/Q560131895@ybl/Yes Bank Ltd/YBL03277e1579fb4b4,20.00,0.0,2321.06
,185,27/08/2023,28/08/2023,-,UPI/360576236133/Payment from Ph/8337012576@ybl/State Bank Of I/YBL4871cbf82b5e,200.00,0.0,2121.06
,186,28/08/2023,28/08/2023,-,CLG/D D/418504/HDF/29.06.2023                     ,0.0,24.00,2145.06
,187,28/08/2023,28/08/2023,-,NEFT-IN1ON23082800QR6-CLOUDKAPTAN CONSULTANCY SERVICES PR-/ACC/SALARY AUG 2023-,0.0,115172.00,117317.06
,188,28/08/2023,28/08/2023,-,UPI/324083468125/UPI Payment/amsouvik@paytm//ICI4e12afa91a154bbcb485b7128aa2d81,2121.00,0.0,115196.06
,189,28/08/2023,28/08/2023,-,UPI/360699543426/Payment from Ph/Q449348041@ybl/State Bank Of I/YBL83c143fab9f8,124.00,0.0,115072.06
,190,30/08/2023,30/08/2023,-,UPI/324209544900/PaymenttoROPPEN/rzpcteroppentra/Yes Bank Ltd/YBL35aa2ffeb13d4e,132.00,0.0,114940.06
,191,30/08/2023,30/08/2023,-,UPI/324227504883/Payment from Ph/paytmqrpit3yz93/Paytm Payments /YBL0b8f88f6da4,10.00,0.0,114930.06
,192,30/08/2023,30/08/2023,-,UPI/324290468085/Payment from Ph/paytmqr1akhjofg/Paytm Payments /YBL73bac963e4e,70.00,0.0,114860.06
,193,30/08/2023,30/08/2023,-,UPI/324264395392/Payment from Ph/paytmqr162pzzgb/Paytm Payments /YBL7604d1a5eb3,30.00,0.0,114830.06
,194,30/08/2023,30/08/2023,-,MMT/IMPS/324223055529/BajajAlliINSTAB Verification,0.0,1.00,114831.06
,195,31/08/2023,31/08/2023,-,UPI/324349698215/Payment from Ph/BALICPlatform@m/Airtel Payments/YBL2225d490fd0,30723.00,0.0,84108.06
,196,31/08/2023,31/08/2023,-,UPI/324304224142/PaymenttoROPPEN/rzpcteroppentra/Yes Bank Ltd/YBL7c880f23f1d945,116.00,0.0,83992.06
,197,31/08/2023,31/08/2023,-,UPI/324374474976/Payment from Ph/paytmqr162pzzgb/Paytm Payments /IBLdcf64ee0de5,64.00,0.0,83928.06
,198,31/08/2023,31/08/2023,-,UPI/324313289385/Payment from Ph/samir.vodafone1/Punjab National/YBL66103fa41c9,130.00,0.0,83798.06
,199,01/09/2023,01/09/2023,-,BIL/000717523269/ICICI BANK CREDIT CA/524193395550,100.00,0.0,83698.06
,200,01/09/2023,01/09/2023,-,UPI/324401135715/PaymenttoROPPEN/rzpcteroppentra/Yes Bank Ltd/YBL9f07ee4a779043,118.00,0.0,83580.06
,201,01/09/2023,01/09/2023,-,UPI/324458358131/Payment from Ph/paytmqrpit3yz93/Paytm Payments /YBLbee51ed3d03,71.00,0.0,83509.06
,202,01/09/2023,01/09/2023,-,UPI/324430546145/Payment from Ph/paytmqrpit3yz93/Paytm Payments /YBLf1a889b0b19,34.00,0.0,83475.06
,203,02/09/2023,02/09/2023,-,UPI/361163801376/Payment from Ph/Q889674521@ybl/Yes Bank Ltd/YBL6dd863122fd54ed,1274.00,0.0,82201.06
,204,03/09/2023,04/09/2023,-,UPI/324693457337/Payment from Ph/paytmqroihdb59x/Paytm Payments /YBL2b091047843,88.00,0.0,82113.06
,205,03/09/2023,04/09/2023,-,UPI/324602386346/Payment from Ph/paytmqryhlbm487/Paytm Payments /YBL5de638a7ad9,61.00,0.0,82052.06
,206,03/09/2023,04/09/2023,-,UPI/324634753853/Payment from Ph/88071954@idfcba/IDFC FIRST Bank/YBL8d2b78c21af,6066.00,0.0,75986.06
,207,05/09/2023,05/09/2023,-,LPCALXX51005 SEP23 Souvik Dey                     ,4867.00,0.0,71119.06
,208,05/09/2023,05/09/2023,-,UPI/324824569421/Payment from Ph/9831421448@payt/Paytm Payments /YBL1cab9223f62,150.00,0.0,70969.06
,209,06/09/2023,06/09/2023,-,UPI/324912250713/UPI Payment/amsouvik@dbs//ICI472d,20000.00,0.0,50969.06
,210,06/09/2023,06/09/2023,-,UPI/324968924697/Paid by Groww P/growwnbt@yesg/Yes Bank Ltd/YJP230906111231UYXD,20000.00,0.0,30969.06
,211,08/09/2023,08/09/2023,-,BIL/000721379006/ICICI BANK CREDIT CA/524193395550,1129.53,0.0,29839.53
,212,09/09/2023,09/09/2023,-,UPI/325240846500/Payment from Ph/spencersretaill/HDFC BANK LTD/PINELABPOSDQR409,1284.99,0.0,28554.54
,213,10/09/2023,11/09/2023,-,UPI/325355385677/Payment from Ph/9836369659@ybl/UCO Bank/YBLb46d8a79048d41019c4,730.00,0.0,27824.54
,214,11/09/2023,11/09/2023,-,UPI/325448204267/Payment from Ph/rrajasingh99@ib/HDFC BANK LTD/IBL8c03b428a3904,130.00,0.0,27694.54
,215,12/09/2023,12/09/2023,-,UPI/325509931991/UPI/amsouvik@dbs/DBS Bank India /DBSba70249085e34c118771b2e2ad,0.0,2000.00,29694.54
,216,12/09/2023,12/09/2023,-,UPI/325550174317/payment on CRED/cred.utility@ax/Axis Bank Ltd./ACDen2E50MQ5e9W,999.00,0.0,28695.54
,217,12/09/2023,12/09/2023,-,UPI/325521792563/payment on CRED/cred.utility@ax/Axis Bank Ltd./ACDx9e6bJQ4yBb5,878.00,0.0,27817.54
,218,14/09/2023,14/09/2023,-,ACH/VAKRANGEELIMITED/0VRK0FIN02023W190233         ,0.0,9.50,27827.04
,219,14/09/2023,14/09/2023,-,UPI/362337849823/Sent from Paytm/amsouvik@paytm/Paytm Payments /PTMe685bf39e08d,0.0,2059.00,29886.04
,220,15/09/2023,15/09/2023,-,INF/IWISH CONTRIBUTION                            ,29886.00,0.0,0.04
,221,28/09/2023,28/09/2023,-,NEFT-IN1ON23092800E00-CLOUDKAPTAN CONSULTANCY SERVICES PR-/ACC/SALARY SEP 2023-,0.0,115174.00,115174.04
,222,30/09/2023,30/09/2023,-,UPI/327342949495/Payment from Ph/susantasarka542/Indian Bank/IBL767b790ec3be47f,200.00,0.0,114974.04
,223,29/09/2023,30/09/2023,-,110301508979:Int.Pd:30-06-2023 to 29-09-2023      ,0.0,667.00,115641.04
,224,30/09/2023,30/09/2023,-,UPI/363945798113/Payment from Ph/Q041152268@ybl/Yes Bank Ltd/YBL8900a12db7d94a4,200.00,0.0,115441.04
,225,30/09/2023,30/09/2023,-,UPI/327387504101/UPI Payment/amsouvik@paytm//ICI6f917888e9e64669bceef3b3fa8c595,2000.00,0.0,113441.04
,226,01/10/2023,02/10/2023,-,UPI/327457699392/Payment from Ph/mazumder.saradi/HDFC BANK LTD/IBLc9851ed4d88c4,500.00,0.0,112941.04
,227,01/10/2023,02/10/2023,-,UPI/364007444337/Payment from Ph/animashganguly@/Indian Bank/YBL7fc0abb43ce349d,170.00,0.0,112771.04
,228,02/10/2023,02/10/2023,-,UPI/327594584139/Payment from Ph/paytmqr28100505/Paytm Payments /YBL9c733a4ab76,145.00,0.0,112626.04
,229,02/10/2023,02/10/2023,-,UPI/327503540389/Payment from Ph/WESTSIDE.418031/HDFC BANK LTD/PINELABPOSDQR418,2298.00,0.0,110328.04
,230,02/10/2023,02/10/2023,-,UPI/327510980242/Pay 20money 20t/9831412902@airt/Airtel Payments/YBLcf0dcb2d75e,170.00,0.0,110158.04
,231,03/10/2023,03/10/2023,-,UPI/327677840635/Collect from am/sbimops@sbi/State Bank Of I/SBIF04609AFAE0F462,100.00,0.0,110058.04
,232,03/10/2023,03/10/2023,-,UPI/327677852955/Collect from am/sbimops@sbi/State Bank Of I/SBIBDF7850C4AC848F,100.00,0.0,109958.04
,233,04/10/2023,04/10/2023,-,UPI/327709154761/Payment from Ph/8001917852@okbi/Axis Bank Ltd./YBLa22281d556af,250.00,0.0,109708.04
,234,04/10/2023,04/10/2023,-,UPI/327739381632/Payment from Ph/mazumder.saradi/HDFC BANK LTD/IBL9d6989fb7ded4,185.00,0.0,109523.04
,235,04/10/2023,04/10/2023,-,UPI/364321798532/Payment from Ph/Q216298162@ybl/Yes Bank Ltd/YBLd22e1851eefe492,87.00,0.0,109436.04
,236,04/10/2023,04/10/2023,-,UPI/364315111681/Payment from Ph/Q397365288@ybl/Yes Bank Ltd/YBLc421cf1f0054435,36.00,0.0,109400.04
,237,05/10/2023,05/10/2023,-,UPI/327840347439/Payment from Ph/6289588735@ybl/Bank of India/YBLb34afa81eac647,130.00,0.0,109270.04
,238,05/10/2023,05/10/2023,-,UPI/327841065143/Payment from Ph/8001917852@okbi/Axis Bank Ltd./IBL5012b077665e,120.00,0.0,109150.04
,239,05/10/2023,05/10/2023,-,UPI/327854099650/Payment from Ph/paytmqr1jhqgfvu/Paytm Payments /IBL419e217f9f9,37.00,0.0,109113.04
,240,05/10/2023,05/10/2023,-,UPI/327891258545/PayviaRazorpay/bsestarmfrzp@ic/ICICI Bank/YJP231005151933PVX6I,4000.00,0.0,105113.04
,241,05/10/2023,05/10/2023,-,UPI/364498500290/PayviaRazorpay/bsestarmfrzp@ic/ICICI Bank/YJP231005152058TPISV,2000.00,0.0,103113.04
,242,05/10/2023,05/10/2023,-,UPI/327824355177/Payment from Ph/9748138733@ybl/DBS Bank India /YBL54a87bae56f9,700.00,0.0,102413.04
,243,05/10/2023,05/10/2023,-,UPI/327805649826/UPI Payment/amsouvik@paytm//ICI2c0e3988dea24672ba294c7bc46a6f8,2000.00,0.0,100413.04
,244,06/10/2023,06/10/2023,-,UPI/327981023624/Payment from Ph/sujoy19922023@i/Airtel Payments/IBL02d3d3e71b6,130.00,0.0,100283.04
,245,06/10/2023,06/10/2023,-,UPI/327907637499/UPI Payment/amsouvik@paytm//ICIf297206fa4f2489caf7080e0b577873,5000.00,0.0,95283.04
,246,06/10/2023,06/10/2023,-,UPI/327997506536/Payment from Ph/paytmqr162pzzgb/Paytm Payments /IBLda08019ce6a,30.00,0.0,95253.04
,247,06/10/2023,06/10/2023,-,UPI/364565744589/Payment from Ph/Q309411076@ybl/Yes Bank Ltd/YBL35bfcf492b66428,500.00,0.0,94753.04
,248,06/10/2023,06/10/2023,-,UPI/327900307649/Payment from Ph/sabirshotel.680/HDFC BANK LTD/IBLbcf8f6aa7dd14,504.00,0.0,94249.04
,249,06/10/2023,06/10/2023,-,UPI/364539782892/Payment from Ph/Q055736119@ybl/Yes Bank Ltd/YBL5118902ed4ff4cb,150.00,0.0,94099.04
,250,06/10/2023,06/10/2023,-,CMS/ GROWW WITHDRAW REQ SOUVIK DEY/NEXTBILLION TE ,0.0,1361.23,95460.27
,251,07/10/2023,07/10/2023,-,UPI/328044593937/Payment from Ph/7003628020@ibl/Kotak Mahindra /IBL744d7de7d689,110.00,0.0,95350.27
,252,07/10/2023,07/10/2023,-,UPI/328001037339/Payment from Ph/paytmqrhxcwjwrt/Paytm Payments /IBL9b8c6b87019,10.00,0.0,95340.27
,253,08/10/2023,09/10/2023,-,UPI/364730480611/Payment from Ph/Q850977953@ybl/Yes Bank Ltd/YBL337444b1c65c49b,42.00,0.0,95298.27
,254,08/10/2023,09/10/2023,-,UPI/364747884379/Payment for 501/LANDMARKMAXRETA/Yes Bank Ltd/YBLf0872c5ed9b34c,6793.01,0.0,88505.26
,255,10/10/2023,10/10/2023,-,UPI/328330424005/Payment from Ph/gpay-1120932018/Axis Bank Ltd./IBLdeea48c80790,95.00,0.0,88410.26
,256,11/10/2023,11/10/2023,-,BIL/000737462308/ICICI BANK CREDIT CA/524193395550,30843.71,0.0,57566.55
,257,11/10/2023,11/10/2023,-,UPI/365068695597/Oid22159887670@/add-money@paytm/Paytm Payments /PTM44a0c718f24,760.00,0.0,56806.55
,258,11/10/2023,11/10/2023,-,UPI/365068719395/Oid22155249806@/add-money@paytm/Paytm Payments /PTM7171b7c9336,705.00,0.0,56101.55
,259,11/10/2023,11/10/2023,-,UPI/365068762006/Oid22161894533@/paytm-ptmbbp@pa/Paytm Payments /PTM6904f913213,720.00,0.0,55381.55
,260,14/10/2023,14/10/2023,-,UPI/365387417819/Payment from Ph/Q850977953@ybl/Yes Bank Ltd/YBL893b0a863ce54f1,20.00,0.0,55361.55
,261,14/10/2023,14/10/2023,-,UPI/328716828590/Payment from Ph/9007053284@ibl/State Bank Of I/IBL91c47a7a6ff4,1500.00,0.0,53861.55
,262,15/10/2023,16/10/2023,-,INF/IWISH CONTRIBUTION                            ,29886.00,0.0,23975.55
,263,15/10/2023,16/10/2023,-,UPI/365438295217/Payment from Ph/pandeytt@ybl/State Bank Of I/YBL116ae96357434d,555.00,0.0,23420.55
,264,15/10/2023,16/10/2023,-,UPI/328879389708/Payment from Ph/9836387806@ibl/Indian Overseas/IBL2dfb222767e9,3000.00,0.0,20420.55
,265,15/10/2023,16/10/2023,-,UPI/365449879762/Payment from Ph/pandeytt@ybl/State Bank Of I/YBL17d8cfc4b17c4e,690.00,0.0,19730.55
,266,15/10/2023,16/10/2023,-,UPI/365451341038/Payment from Ph/Q810165801@ybl/Yes Bank Ltd/YBL80bd12b2a7d64c4,210.00,0.0,19520.55
,267,15/10/2023,16/10/2023,-,UPI/365492366727/Payment from Ph/Q810165801@ybl/Yes Bank Ltd/YBL9e7b01dd572142f,10.00,0.0,19510.55
,268,15/10/2023,16/10/2023,-,UPI/365483520242/Payment from Ph/Q810165801@ybl/Yes Bank Ltd/YBL5fef90955acd4fa,120.00,0.0,19390.55
,269,17/10/2023,17/10/2023,-,UPI/329005090125/Payment from Ph/debnathamar5911/Punjab National/IBL05e6c7a8aa3,165.00,0.0,19225.55
,270,18/10/2023,18/10/2023,-,UPI/365776454899/Payment from Ph/9330733149@ybl/State Bank Of I/YBL6caa9c5278ec,140.00,0.0,19085.55
,271,18/10/2023,18/10/2023,-,UPI/329141330463/Payment from Ph/akashsunanda@ok/State Bank Of I/IBL4fef5bf2d46,367.00,0.0,18718.55
,272,18/10/2023,18/10/2023,-,UPI/365730514565/NA/payzomato@hdfcb/HDFC BANK LTD/PTMf0e31858aa51452d9ba794d806,334.37,0.0,18384.18
,273,19/10/2023,19/10/2023,-,UPI/329219225439/payment on CRED/cred.insurance@/Axis Bank Ltd./ACDGz1BnJWq56Nn,2801.66,0.0,15582.52
,274,19/10/2023,19/10/2023,-,UPI/365806219556/payment on CRED/cred.insurance@/Axis Bank Ltd./ACDLnqDb0RqMlbZ,2765.00,0.0,12817.52
,275,19/10/2023,19/10/2023,-,UPI/329271343647/Payment from Ph/7595817070@payt/Paytm Payments /IBL608f6cdc4a2,125.00,0.0,12692.52
,276,19/10/2023,19/10/2023,-,UPI/329282528083/Payment from Ph/paytmqr28100505/Paytm Payments /IBLf904e5e4f04,34.00,0.0,12658.52
,277,19/10/2023,19/10/2023,-,UPI/329251912932/Payment from Ph/paytm-76881028@/Paytm Payments /IBLc9ebbf8db6e,135.00,0.0,12523.52
,278,20/10/2023,20/10/2023,-,UPI/365957648098/Payment from Ph/9836466007@ybl/Kotak Mahindra /YBLa95cac541a73,130.00,0.0,12393.52
,279,20/10/2023,20/10/2023,-,UPI/329392400534/Payment from Ph/8001917852@okbi/Axis Bank Ltd./IBL2ab8c8704904,145.00,0.0,12248.52
,280,20/10/2023,20/10/2023,-,UPI/365985021826/Payment from Ph/Q647229848@ybl/Yes Bank Ltd/YBL7f0a9351098e49e,60.00,0.0,12188.52
,281,20/10/2023,20/10/2023,-,UPI/365975460292/Payment from Ph/Q310644538@ybl/Yes Bank Ltd/YBLa5a405d1cbf941f,54.00,0.0,12134.52
,282,20/10/2023,20/10/2023,-,UPI/329357711333/Payment from Ph/bajajpay.687972/INDUSIND BANK/IBL19bfb526261f4,22.00,0.0,12112.52
,283,21/10/2023,21/10/2023,-,UPI/329462821315/Zomato Payment/zomato-order@pa/Paytm Payments /PYTM31021246195,364.49,0.0,11748.03
,284,21/10/2023,21/10/2023,-,UPI/329459450751/Payment from Ph/hindinox.660288/HDFC BANK LTD/IBL62d02e085c674,920.00,0.0,10828.03
,285,21/10/2023,21/10/2023,-,UPI/329405729820/Payment from Ph/hindinox.693041/HDFC BANK LTD/IBLb7e2c4556b134,560.00,0.0,10268.03
,286,22/10/2023,23/10/2023,-,UPI/329556761439/UPI Payment/amsouvik@paytm//ICI3ea3e50ccf564623bfcc56b8e60a9b5,5000.00,0.0,5268.03
,287,22/10/2023,23/10/2023,-,UPI/366139786041/Payment from Ph/Q829160850@ybl/Yes Bank Ltd/YBLc19a7c0d2fa2472,95.00,0.0,5173.03
,288,22/10/2023,23/10/2023,-,UPI/366137012691/Sent from Paytm/amsouvik@paytm/Paytm Payments /PTMa0f377a66967,0.0,3000.00,8173.03
,289,22/10/2023,23/10/2023,-,VPS/HARD ROCK C/202310221914/329513289837/KOLKATTA,6218.00,0.0,1955.03
,290,22/10/2023,23/10/2023,-,UPI/329505478732/Payment from Ph/ghoshsanchari72/Bank of Baroda/IBL507b9e87c3f6,490.00,0.0,1465.03
,291,23/10/2023,23/10/2023,-,IPS/R B TRADING/202310230010/000000003341/KOLKATA ,500.00,0.0,965.03
,292,23/10/2023,23/10/2023,-,UPI/329684827518/Collect from am/sbimops@sbi/State Bank Of I/SBI40EB2521204449C,100.00,0.0,865.03
,293,23/10/2023,23/10/2023,-,UPI/329636024201/Sent from Paytm/amsouvik@paytm/Paytm Payments /PTM8ac27891a1a5,0.0,5000.00,5865.03
,294,23/10/2023,23/10/2023,-,NFS/CASH WDL/329618032259/00093056/KOLKATA  /23-10,2000.00,0.0,3865.03
,295,23/10/2023,23/10/2023,-,UPI/366249721170/Sent from Paytm/amsouvik@paytm/Paytm Payments /PTMe771330483b6,0.0,2000.00,5865.03
,296,23/10/2023,23/10/2023,-,UPI/329612150916/Payment from Ph/paytmqr1rx4kw82/Paytm Payments /IBL86b7306813c,5277.00,0.0,588.03
,297,23/10/2023,23/10/2023,-,UPI/366266151418/Payment from Ph/Q850977953@ybl/Yes Bank Ltd/YBL52304ffb1a9449b,62.00,0.0,526.03
,298,24/10/2023,24/10/2023,-,UPI/366330685092/Payment from Ph/Q294691840@ybl/Yes Bank Ltd/YBL137c4b69663d489,460.00,0.0,66.03
,299,27/10/2023,27/10/2023,-,NEFT-IN1ON23102703P4D-CLOUDKAPTAN CONSULTANCY SERVICES PR-/ACC/SALARY OCT 2023-,0.0,115172.00,115238.03
,300,27/10/2023,27/10/2023,-,UPI/330073236701/UPI Payment/amsouvik@dbs//ICI717c,55000.00,0.0,60238.03
,301,27/10/2023,27/10/2023,-,UPI/330074358550/UPI Payment/amsouvik@paytm//ICI9c50ce57bbcf4ac99a3c859fc7fb11d,2000.00,0.0,58238.03
,302,27/10/2023,27/10/2023,-,UPI/330074366391/UPI Payment/amsouvik@paytm//ICI5831c20185c74e5fabea365f9d609e1,1238.00,0.0,57000.03
,303,29/10/2023,30/10/2023,-,UPI/330269980759/NA/paytm-8796946@p/Paytm Payments,10.00,0.0,56990.03
,304,29/10/2023,30/10/2023,-,UPI/330232128210/express/paytm-8796946@p/Paytm Payments /PTM4171dd3ab8a94da0807,0.0,10.00,57000.03
,305,30/10/2023,30/10/2023,-,UPI/366922618908/Payment from Ph/Q153022772@ybl/Yes Bank Ltd/YBLcc2bc1d1b80a446,58.00,0.0,56942.03
,306,30/10/2023,30/10/2023,-,UPI/330383619906/UPI Payment/amsouvik@paytm//ICI218107ada40f4a66900cbe534e47885,100.00,0.0,56842.03
,307,31/10/2023,31/10/2023,-,UPI/330450827045/Payment from Ph/ahmed.niyaz18@a/Union Bank of I/IBL12c3380ead1,120.00,0.0,56722.03
,308,31/10/2023,31/10/2023,-,UPI/367085464299/Payment from Ph/Q153022772@ybl/Yes Bank Ltd/YBL14d1396a499d42e,40.00,0.0,56682.03
,309,01/11/2023,01/11/2023,-,BIL/000746604278/ICICI BANK CREDIT CA/524193395550,15597.00,0.0,41085.03
,310,01/11/2023,01/11/2023,-,UPI/330507153346/Sent from Paytm/amsouvik@paytm/Paytm Payments /PTM94ccda648468,0.0,15595.00,56680.03
,311,01/11/2023,01/11/2023,-,UPI/367127087628/Paid by Groww P/growwnbt@yesg/Yes Bank Ltd/YJP231101040754VWS7,15000.00,0.0,41680.03
,312,01/11/2023,01/11/2023,-,UPI/330572130116/Paid by Groww P/growwnbt@yesg/Yes Bank Ltd/YJP231101041020GOFE,5000.00,0.0,36680.03
,313,01/11/2023,01/11/2023,-,UPI/330509809696/UPI/amsouvik@dbs/DBS Bank India /DBS083ccbebe3104b30859305518d,0.0,20000.00,56680.03
,314,01/11/2023,01/11/2023,-,UPI/367144262539/Payment from Ph/Q449348041@ybl/Yes Bank Ltd/YBLc3beb3b15bfd4d4,64.00,0.0,56616.03
,315,01/11/2023,01/11/2023,-,UPI/330596601550/Payment from Ph/paytmqrpit3yz93/Paytm Payments /IBLc7d5c55a47f,68.00,0.0,56548.03
,316,01/11/2023,01/11/2023,-,UPI/330591303956/UPI Payment/amsouvik@paytm//ICI92f7c90085824cf3bcfa3f1fad2b327,2000.00,0.0,54548.03
,317,01/11/2023,01/11/2023,-,UPI/330591814063/UPI Payment/amsouvik@paytm//ICI0bf046dc1f494d4c90fe067fb1b430f,5000.00,0.0,49548.03
,318,02/11/2023,02/11/2023,-,UPI/330624595834/Payment from Ph/6290595305@okbi/ICICI Bank/IBLad794d34154b4d9f,633.00,0.0,48915.03
,319,03/11/2023,03/11/2023,-,UPI/330703220602/Payment from Ph/sahanideb264@ok/Union Bank of I/IBLeefa8fe92a6,200.00,0.0,48715.03
,320,03/11/2023,03/11/2023,-,UPI/330731241268/Payment from Ph/sahanideb264@ok/Union Bank of I/IBL26b0433f3d6,200.00,0.0,48515.03
,321,03/11/2023,03/11/2023,-,UPI/367319688496/Payment from Ph/Q162346345@ybl/Yes Bank Ltd/YBL394b24aa215f416,550.00,0.0,47965.03
,322,04/11/2023,04/11/2023,-,UPI/330899865057/UPI Payment/amsouvik@paytm//ICI282997ca589845c3b044b820082b84d,6000.00,0.0,41965.03
,323,04/11/2023,04/11/2023,-,UPI/330803704533/UPI Payment/amsouvik@paytm//ICI65c1b2ab81964f98869f0286c0bc581,3000.00,0.0,38965.03
,324,05/11/2023,06/11/2023,-,UPI/330907357109/UPI Payment/amsouvik@paytm//ICI2c05c670df874410abd6157d9c2a266,4300.00,0.0,34665.03
,325,06/11/2023,06/11/2023,-,UPI/331004604252/Payment from Ph/7431952390@payt/State Bank Of I/IBLfcb29ac6122,1600.00,0.0,33065.03
,326,06/11/2023,06/11/2023,-,UPI/331024179033/Payment from Ph/dilipguptaslg26/Central Bank Of/IBL141bd0f1d05,940.00,0.0,32125.03
,327,09/11/2023,09/11/2023,-,UPI/331344967344/Payment from Ph/paytmqrpit3yz93/Paytm Payments /IBLaa5b9ad5606,118.00,0.0,32007.03
,328,10/11/2023,10/11/2023,-,UPI/331486606765/Payment from Ph/paytm-76881028@/Paytm Payments /IBLfa19501973b,130.00,0.0,31877.03
,329,12/11/2023,13/11/2023,-,UPI/331626827201/PayviaRazorpay/bsestarmfrzp@ic/ICICI Bank/YJP231112135942TV0C7,2000.00,0.0,29877.03
,330,12/11/2023,13/11/2023,-,UPI/331675047100/PayviaRazorpay/bsestarmfrzp@ic/ICICI Bank/YJP231112140313CTQFT,2000.00,0.0,27877.03
,331,12/11/2023,13/11/2023,-,UPI/331625567425/Sent from Paytm/amsouvik@paytm/Paytm Payments /PTM4cb58ec9c7b9,0.0,2500.00,30377.03
,332,12/11/2023,13/11/2023,-,UPI/368249031752/Payment from Ph/Q654282173@ybl/Yes Bank Ltd/YBL03adff86862f4bd,80.00,0.0,30297.03
,333,13/11/2023,13/11/2023,-,CMS/Asian Paints/1st Interim Div 2023-2024        ,0.0,52.00,30349.03
,334,13/11/2023,13/11/2023,-,UPI/331732996025/UPI Payment/amsouvik@paytm//ICId3fca41fdf7c42cc90da6c7e54906ae,500.00,0.0,29849.03
,335,13/11/2023,13/11/2023,-,UPI/368392765738/PayviaRazorpay/bsestarmfrzp@ic/ICICI Bank/YJP231113152521JWE22,2000.00,0.0,27849.03
,336,13/11/2023,13/11/2023,-,UPI/368311886289/Payment from Ph/Q886888689@ybl/Yes Bank Ltd/YBLaf160ffccf424fd,1019.00,0.0,26830.03
,337,14/11/2023,14/11/2023,-,UPI/331800751077/Payment from Ph/sugra191221@oki/Kotak Mahindra /IBL21f2b4ac1b4,120.00,0.0,26710.03
,338,14/11/2023,14/11/2023,-,UPI/331815705724/Payment from Ph/paytmqr856p3con/Paytm Payments /IBLa5201f0abca,23.00,0.0,26687.03
,339,14/11/2023,14/11/2023,-,UPI/331836078228/UPI Payment/amsouvik@paytm//ICI61573cf369964fdabb724a012f11294,5000.00,0.0,21687.03
,340,14/11/2023,14/11/2023,-,UPI/368451266217/Payment from Ph/Q216298162@ybl/Yes Bank ,97.00,0.0,21590.03
,,,,,Ltd/YBL862de2e5825443c,,,
,341,15/11/2023,15/11/2023,-,UPI/368591241558/Payment from Ph/Q302791548@ybl/Yes Bank Ltd/YBL6fb8fd242d57461,95.00,0.0,21495.03
,342,16/11/2023,16/11/2023,-,UPI/332030176232/PayviaRazorpay/bsestarmfrzp@ic/ICICI Bank/YJP231116113335OKV20,10000.00,0.0,11495.03
,343,16/11/2023,16/11/2023,-,ACCT CLOSURE TRANSACTION                          ,0.0,130378.00,141873.03
,344,16/11/2023,16/11/2023,-,UPI/332041831422/UPI Payment/amsouvik@dbs//ICI5c78,30378.00,0.0,111495.03
,345,16/11/2023,16/11/2023,-,UPI/368655841786/Payment from Ph/Q848258954@ybl/Yes Bank Ltd/IBLb311c6a09cfc493,17.00,0.0,111478.03
,346,17/11/2023,17/11/2023,-,UPI/368741429626/Payment from Ph/Q066077435@ybl/Yes Bank Ltd/IBL9a1f6bc72720410,37.00,0.0,111441.03
,347,19/11/2023,20/11/2023,-,MMT/IMPS/332316762355/PaidviaCRED/DREAMPLUGP/Axis ,0.0,2500.00,113941.03
,348,19/11/2023,20/11/2023,-,UPI/332352500703/UPI Payment/amsouvik@paytm//ICIcfe0a5731db641378a1c02497c456fc,2500.00,0.0,111441.03
,349,20/11/2023,20/11/2023,-,UPI/332453628365/UPI Payment/amsouvik@dbs//ICIaf32,60000.00,0.0,51441.03
,350,20/11/2023,20/11/2023,-,UPI/332453628504/UPI Payment/amsouvik@dbs//ICI5990,30000.00,0.0,21441.03
,351,20/11/2023,20/11/2023,-,UPI/332453629871/UPI Payment/amsouvik@dbs//ICI4b6d,6000.00,0.0,15441.03
,352,20/11/2023,20/11/2023,-,UPI/RVSL332453629871/UPI Payment/amsouvik@dbs//ICI4b6d44abdecd43e3a27b5266930c1,0.0,6000.00,21441.03
,353,20/11/2023,20/11/2023,-,UPI/332453629983/UPI Payment/amsouvik@dbs//ICIace7,6000.00,0.0,15441.03
,354,21/11/2023,22/11/2023,-,UPI/332540046689/NA/payzomato@hdfcb/HDFC BANK LTD/PTM6804d673e02c4b6e848015d32e,816.94,0.0,14624.09
,355,22/11/2023,22/11/2023,-,UPI/369298276495/PayviaRazorpay/bsestarmfrzp@ic/ICICI Bank/YJP2311221116370PPE0,2000.00,0.0,12624.09
,356,22/11/2023,22/11/2023,-,UPI/332649128452/PayviaRazorpay/bsestarmfrzp@ic/ICICI Bank/IBLceb569e218ef4877b,2000.00,0.0,10624.09
,357,22/11/2023,22/11/2023,-,UPI/332686307601/Payment from Ph/7735452758@okbi/Axis Bank Ltd./IBL694ce2d1a2de,17.00,0.0,10607.09
,358,23/11/2023,23/11/2023,-,UPI/332710320292/Payment from Ph/bhattacharyyaar/DBS Bank India /IBL630924bd430,247.00,0.0,10360.09
,359,23/11/2023,23/11/2023,-,MMT/IMPS/332721643047/PaidviaCRED/DREAMPLUGP/Axis ,0.0,2500.00,12860.09
,360,23/11/2023,23/11/2023,-,NFS/CASH WDL/332721021130/BPRH1229/NORTH 24 /23-11,3000.00,0.0,9860.09
,361,23/11/2023,23/11/2023,-,NFS/CASH WDL/332721991594/BN159401/N 24 PARG/23-11,2000.00,0.0,7860.09
,362,24/11/2023,24/11/2023,-,UPI/332841803193/You are paying/amazon@yapl/Yes Bank Ltd/APY018bfd95599792f05e3,1074.00,0.0,6786.09
,363,24/11/2023,24/11/2023,-,UPI/332868024691/UPI Payment/amsouvik@paytm//ICI9a2ef7a873434b4fb7db3498d5cd97c,1500.00,0.0,5286.09
,364,24/11/2023,24/11/2023,-,UPI/369415834584/PayviaRazorpay/bsestarmfrzp@ic/ICICI Bank/YJP231124133346OEELI,5000.00,0.0,286.09
,365,24/11/2023,24/11/2023,-,UPI/332813923462/UPI/amsouvik@dbs/DBS Bank India /DBS93cd07445d7d4c04b63af6569a,0.0,5000.00,5286.09
,366,24/11/2023,24/11/2023,-,UPI/332813949566/UPI/amsouvik@dbs/DBS Bank India /DBS141dfb34a071408aa162c0abed,0.0,95000.00,100286.09
,367,24/11/2023,24/11/2023,-,UPI/332824890023/Sent from Paytm/amsouvik@paytm/Paytm Payments /PTM85f7df598dde,0.0,1474.00,101760.09
,368,24/11/2023,24/11/2023,-,UPI/332826147768/Sent from Paytm/amsouvik@paytm/Paytm Payments /PTMed191301e1db,0.0,3300.00,105060.09
,369,24/11/2023,24/11/2023,-,UPI/332826680866/Sent from Paytm/amsouvik@paytm/Paytm Payments /PTM59af7b2bda53,0.0,50000.00,155060.09
,370,24/11/2023,24/11/2023,-,CMS/ GROWW WITHDRAW REQ SOUVIK DEY/NEXTBILLION TE ,0.0,16000.00,171060.09
,371,25/11/2023,25/11/2023,-,UPI/332945938046/Payment from Ph/ghoshsiddhartha/Bandhan Bank/IBL5c2250dac86d4b,40.00,0.0,171020.09
,372,27/11/2023,27/11/2023,-,UPI/333179185325/Payment from Ph/9330655913@payt/State Bank Of I/IBLb606f0fa81d,140.00,0.0,170880.09
,373,28/11/2023,28/11/2023,-,UPI/369858645837/Payment from Ph/9038939375@ibl/Punjab National/IBL26e551db4748,560.00,0.0,170320.09
,374,29/11/2023,29/11/2023,-,UPI/333374699798/GROWW23001233/ipo.fedbanknse@/Axi,14980.00,0.0,155340.09
,375,29/11/2023,29/11/2023,-,UPI/369972131953/Oid202311291337/paytm-61567033@/Paytm Payments /PTM23e26def7fc,44.00,0.0,155296.09
,376,29/11/2023,29/11/2023,-,UPI/369925409107/Payment from Ph/Q906944688@ybl/Yes Bank Ltd/IBLcdc299cbb13a45f,60.00,0.0,155236.09
,377,29/11/2023,29/11/2023,-,UPI/369972390072/Payment from Ph/Q427734536@ybl/Yes Bank Ltd/IBL5a7da4da1e17487,40.00,0.0,155196.09
,378,29/11/2023,29/11/2023,-,UPI/333393832385/Payment from Ph/paytm-76881028@/Paytm Payments /IBL5451b856beb,130.00,0.0,155066.09
,379,29/11/2023,29/11/2023,-,UPI/333386274252/UPI Payment/amsouvik@paytm//ICIa92956947d204539bae51213e5ac85e,25000.00,0.0,130066.09
,380,30/11/2023,30/11/2023,-,UPI/370062393688/Payment from Ph/Q757460478@ybl/Yes Bank Ltd/IBL474adb38068d4e1,130.00,0.0,129936.09
,381,30/11/2023,30/11/2023,-,UPI/370087584943/Payment from Ph/Q593850678@ybl/Yes Bank Ltd/IBL4ac3b689959648b,65.00,0.0,129871.09
,382,30/11/2023,30/11/2023,-,NEFT-IN1ON2311300G15W-CLOUDKAPTAN CONSULTANCY SERVICES PR-/ACC/SALARY NOV 2023-,0.0,115174.00,245045.09
,383,01/12/2023,01/12/2023,-,UPI/370139674193/Payment from Ph/8348844306@ybl/Canara Bank/IBL1867915c45954bed,130.00,0.0,244915.09
,384,01/12/2023,01/12/2023,-,UPI/370192575420/Payment from Ph/Q045280789@ybl/Yes Bank Ltd/IBLb1b0665d07a1400,75.00,0.0,244840.09
,385,02/12/2023,02/12/2023,-,UPI/333655274281/Payment from Ph/6290595305@okbi/ICICI Bank/IBLe6d9ffaf81a0496a,350.00,0.0,244490.09
,386,02/12/2023,02/12/2023,-,UPI/333653575140/Payment from Ph/paytmqr190meivj/Paytm Payments /IBLd66d1800932,120.00,0.0,244370.09
,387,02/12/2023,02/12/2023,-,UPI/370277002881/Payment from Ph/9831992449@ibl/Union Bank of I/IBL305499d3cecf,170.00,0.0,244200.09
,388,02/12/2023,02/12/2023,-,UPI/333692736402/Pay to BharatPe/BHARATPE.900688/Federal Bank/IBL2baf7fef534547,17.00,0.0,244183.09
,389,02/12/2023,02/12/2023,-,UPI/333606351094/Pay to BharatPe/BHARATPE.900688/Federal Bank/IBLd89fe17799c745,20.00,0.0,244163.09
,390,02/12/2023,02/12/2023,-,UPI/333619171090/Payment from Ph/spencersretaill/HDFC BANK LTD/PINELABPOSDQR409,1480.00,0.0,242683.09
,391,03/12/2023,04/12/2023,-,UPI/333729902313/Payment from Ph/paytm-76881028@/Paytm Payments /IBLff85a035742,49.00,0.0,242634.09
,392,05/12/2023,05/12/2023,-,UPI/370567092348/PayviaRazorpay/bsestarmfrzp@ic/ICICI Bank/YJP231205191115J2DJJ,3000.00,0.0,239634.09
,393,05/12/2023,05/12/2023,-,UPI/370568670297/PayviaRazorpay/bsestarmfrzp@ic/ICICI Bank/YJP2312051911404T7BQ,3000.00,0.0,236634.09
,394,05/12/2023,05/12/2023,-,UPI/370580630907/PayviaRazorpay/bsestarmfrzp@ic/ICICI Bank/YJP23120519120217P9Y,3000.00,0.0,233634.09
,395,06/12/2023,06/12/2023,-,UPI/334062227628/payment on CRED/cred.club@axisb/Axis Bank Ltd./ACD7c2ca38a8960,3352.00,0.0,230282.09
,396,06/12/2023,06/12/2023,-,UPI/334054865827/Payment from Ph/gpay-1124049719/Axis Bank Ltd./IBL9ed0b60e0b6c,2000.00,0.0,228282.09
,397,06/12/2023,06/12/2023,-,UPI/334064732802/Payment from Ph/gpay-1124049719/Axis Bank Ltd./IBL6f5ea7be82c5,1500.00,0.0,226782.09
,398,07/12/2023,07/12/2023,-,UPI/334113364196/UPI Payment/amsouvik@paytm//ICI301fe8148e68478997cdacb9b5cb34b,50000.00,0.0,176782.09
,399,07/12/2023,07/12/2023,-,UPI/334126192203/PayviaRazorpay/bsestarmfrzp@ic/ICICI Bank/YJP231207102424EC3ZR,5000.00,0.0,171782.09
,400,07/12/2023,07/12/2023,-,UPI/370759853910/Paid by Groww P/growwnbt@yesg/Yes Bank Ltd/YJP231207052156D8OI,30000.00,0.0,141782.09
,401,08/12/2023,08/12/2023,-,UPI/334254040493/Payment from Ph/8240025863@okbi/Axis Bank Ltd./IBL3d7309d79ff5,120.00,0.0,141662.09
,402,08/12/2023,08/12/2023,-,ATMDEC CHG/23-10-2023/3510+GST                    ,29.50,0.0,141632.59
,403,09/12/2023,09/12/2023,-,NFS/CASH WDL/334312023639/P1CNKO54/KOLKATA  /09-12,2400.00,0.0,139232.59
,404,12/12/2023,12/12/2023,-,UPI/371258930355/PayviaRazorpay/bsestarmfrzp@ic/ICICI Bank/YJP231212095428COUWG,3000.00,0.0,136232.59
,405,15/12/2023,15/12/2023,-,CMS/ GROWW WITHDRAW REQ SOUVIK DEY/NEXTBILLION TE ,0.0,30463.53,166696.12
,406,15/12/2023,15/12/2023,-,INF/IWISH CONTRIBUTION                            ,29886.00,0.0,136810.12
,407,15/12/2023,15/12/2023,-,ACCT CLOSURE TRANSACTION                          ,0.0,30064.00,166874.12
,408,15/12/2023,15/12/2023,-,NFS/CASH WDL/334915462411/SKL8046/KOLKATA  /15-12-,2000.00,0.0,164874.12
,409,18/12/2023,18/12/2023,-,MMT/IMPS/335217176332/PaidviaCRED/DREAMPLUGP/Axis ,0.0,4000.00,168874.12
,410,18/12/2023,18/12/2023,-,UPI/371824893393/Payment from Ph/mazumdersaradin/ICICI Bank/IBL7292e8937d5a4398,4000.00,0.0,164874.12
,411,20/12/2023,20/12/2023,-,UPI/372075321362/Paid by Groww P/growwnbt@yesg/Yes Bank Ltd/YJP2312200413365292,65000.00,0.0,99874.12
,412,20/12/2023,20/12/2023,-,UPI/335459710287/Payment request/mutualfunds.ele/ICICI Bank/ICI21f202097af74e22,2000.00,0.0,97874.12
,413,21/12/2023,21/12/2023,-,UPI/335599534571/Paid by Groww P/growwnbt@yesg/Yes Bank Ltd/YJP231221044531HR5Q,10000.00,0.0,87874.12
,414,24/12/2023,25/12/2023,-,VPS/SPENCERS RE/202312242219/335816320742/KOLKATTA,4560.00,0.0,83314.12
,415,27/12/2023,27/12/2023,-,MMT/IMPS/336118523886/PaidviaCRED/DREAMPLUGP/Axis ,0.0,10000.00,93314.12
,416,27/12/2023,27/12/2023,-,UPI/372799941606/Payment from Ph/mazumdersaradin/ICICI Bank/IBLb93652f9446b4166,10000.00,0.0,83314.12
,417,29/12/2023,29/12/2023,-,NEFT-IN1ON23122909UXT-CLOUDKAPTAN CONSULTANCY SERVICES PR-/ACC/SALARY DEC 2023-,0.0,115172.00,198486.12
,418,29/12/2023,30/12/2023,-,110301508979:Int.Pd:30-09-2023 to 29-12-2023      ,0.0,683.00,199169.12
,419,30/12/2023,30/12/2023,-,BIL/000774697716/ICICI BANK CREDIT CA/524193395550,34170.58,0.0,164998.54
,420,02/01/2024,02/01/2024,-,UPI/400218915206/Sent from Paytm/amsouvik@paytm/Paytm Payments /PTM3b9eb30d1230,0.0,18021.00,183019.54
,421,05/01/2024,05/01/2024,-,UPI/400512584591/Indian Clearing/mutualfunds.ele/ICICI Bank/ICI7b1704685433453d,10000.00,0.0,173019.54
,422,05/01/2024,05/01/2024,-,UPI/400512584644/Indian Clearing/mutualfunds.ele/ICICI Bank/ICI8310a9fa26d344ea,10000.00,0.0,163019.54
,423,05/01/2024,05/01/2024,-,UPI/400512584742/Indian Clearing/mutualfunds.ele/ICICI Bank/ICI015420d1d6a34216,4000.00,0.0,159019.54
,424,05/01/2024,05/01/2024,-,UPI/400512584953/Indian Clearing/mutualfunds.ele/ICICI Bank/ICI09285036b0c644ac,1000.00,0.0,158019.54
,425,06/01/2024,06/01/2024,-,CMS/ GROWW WITHDRAW REQ SOUVIK DEY/NEXTBILLION TE ,0.0,50336.35,208355.89
,426,09/01/2024,09/01/2024,-,NFS/CASH WDL/400916462438/SKL8046/KOLKATA  /09-01-,4000.00,0.0,204355.89
,427,10/01/2024,10/01/2024,-,UPI/401014035609/Sent from Paytm/amsouvik@paytm/Paytm Payments /PTMf24e4665fcb2,0.0,4000.00,208355.89
,428,10/01/2024,10/01/2024,-,UPI/437631371817/Paid Via Elemen/growwnbt.elemen/ICICI Bank/YJP240110111425WEPU,10000.00,0.0,198355.89
,429,10/01/2024,10/01/2024,-,ACH/VEDANTA LIMITED/25226328                      ,0.0,2057.00,200412.89
,430,15/01/2024,15/01/2024,-,INF/IWISH CONTRIBUTION                            ,29886.00,0.0,170526.89
,431,17/01/2024,17/01/2024,-,NFS/CASH WDL/401712462381/SKL8046/KOLKATA  /17-01-,3000.00,0.0,167526.89
,432,17/01/2024,17/01/2024,-,UPI/401763553500/Paid via CRED/7050337330@axis/ICICI Bank/ACD01HMB501MXR4Q4PBYX,0.0,3000.00,170526.89
,433,18/01/2024,18/01/2024,-,UPI/401859008138/Indian Clearing/mutualfunds.ele/ICICI Bank/ICIab9d5223afcb4642,3000.00,0.0,167526.89
,434,21/01/2024,22/01/2024,-,MMT/IMPS/402115113479/bankAccountVeri/AC VERIFY /I,0.0,1.00,167527.89
,435,23/01/2024,23/01/2024,-,UPI/402375160159/Indian Clearing/mutualfunds.ele/ICICI Bank/ICI7d94dc53a8d746fb,3000.00,0.0,164527.89
,436,23/01/2024,23/01/2024,-,UPI/402375173161/Indian Clearing/mutualfunds.ele/ICICI Bank/ICI8d3c73a890a749a2,2000.00,0.0,162527.89
,437,24/01/2024,24/01/2024,-,UPI/402432477986/Paid Via Elemen/growwnbt.elemen/ICICI Bank/YJP240124104222XESQ,30000.00,0.0,132527.89
,438,24/01/2024,24/01/2024,-,NFS/CASH WDL/402415462385/SKL8046/KOLKATA  /24-01-,3500.00,0.0,129027.89
,439,26/01/2024,27/01/2024,-,UPI/402687433888/UPI Payment/amsouvik@paytm//ICId4de078e94664b21b498815cf0d2d80,15000.00,0.0,114027.89
,440,26/01/2024,27/01/2024,-,UPI/439216090237/Payment for GTZ/M5BCNFL7Q@ybl/Yes Bank Ltd/IBL129ea5a4ac074926,7000.00,0.0,107027.89
,441,27/01/2024,27/01/2024,-,UPI/439309175778/Payment from Ph/Q495761632@ybl/Yes Bank Ltd/IBL1a7bf6f68fd84ae,34.00,0.0,106993.89
,442,28/01/2024,29/01/2024,-,UPI/439409078702/Payment from Ph/sikhorendumajum/Punjab National/IBLad2d6c5fe86,7915.00,0.0,99078.89
,443,30/01/2024,30/01/2024,-,INF/INFT/035147789871/33251679     /WIBOfficeAccou,0.0,115174.00,214252.89
,444,31/01/2024,31/01/2024,-,UPI/439700312941/Payment from Ph/Q370854876@ybl/Yes Bank Ltd/IBLe9457b0013b9422,65.00,0.0,214187.89
,445,02/02/2024,02/02/2024,-,UPI/439950024394/Payment from Ph/Q048776291@ybl/Yes Bank Ltd/IBL52084113086d4ce,10.00,0.0,214177.89
,446,03/02/2024,03/02/2024,-,UPI/440015739988/Payment from Ph/Q593564040@ybl/Yes Bank Ltd/IBL4235c59d165849c,310.00,0.0,213867.89
,447,04/02/2024,05/02/2024,-,MMT/IMPS/403500657533/PaidviaCRED/DREAMPLUGP/Axis ,0.0,25000.00,238867.89
,448,04/02/2024,05/02/2024,-,UPI/440163095508/Payment from Ph/mazumdersaradin/ICICI Bank/IBL8a8f52c36b934325,25000.00,0.0,213867.89
,449,05/02/2024,05/02/2024,-,UPI/403622478336/Indian Clearing/mutualfunds.ele/ICICI Bank/ICIed0dbaaf9cc94f52,4000.00,0.0,209867.89
,450,05/02/2024,05/02/2024,-,UPI/403622478414/Indian Clearing/mutualfunds.ele/ICICI Bank/ICIc5d8fb94a4f244a3,10000.00,0.0,199867.89
,451,05/02/2024,05/02/2024,-,UPI/403622478375/Indian Clearing/mutualfunds.ele/ICICI Bank/ICIb5e7eee90ef0432b,10000.00,0.0,189867.89
,452,05/02/2024,05/02/2024,-,UPI/403622496130/Indian Clearing/mutualfunds.ele/ICICI Bank/ICI5ca3ea2e90ab405a,1000.00,0.0,188867.89
,453,06/02/2024,06/02/2024,-,UPI/403757418569/Oid22983327207@/add-money@paytm/Paytm Payments /PTM3bb581fded5,590.00,0.0,188277.89
,454,06/02/2024,06/02/2024,-,UPI/440358998049/Payment from Ph/Q391172550@ybl/State Bank Of I/IBL47c2e8a7624e,95.00,0.0,188182.89
,455,07/02/2024,07/02/2024,-,UPI/440415054630/Payment from Ph/8617704518@ybl/Bank of Baroda/IBL8d9a70f9f8714,120.00,0.0,188062.89
,456,07/02/2024,07/02/2024,-,UPI/440413527306/Payment from Ph/Q370854876@ybl/Yes Bank Ltd/IBLa3d5d0902494465,110.00,0.0,187952.89
,457,09/02/2024,09/02/2024,-,UPI/440606079161/Sent from Paytm/amsouvik@paytm/Paytm Payments /PTM94336e51b761,0.0,191.00,188143.89
,458,09/02/2024,09/02/2024,-,UPI/404025823761/Payment from Ph/wwwdotinzeeshan/Punjab National/IBL8917ad4bb91,130.00,0.0,188013.89
,459,09/02/2024,09/02/2024,-,UPI/404084122489/Payment from Ph/paytmqr1fk6ozgz/Paytm Payments /IBLaa33ee51e75,10.00,0.0,188003.89
,460,09/02/2024,09/02/2024,-,UPI/440695800438/Payment from Ph/Q370854876@ybl/Yes Bank Ltd/IBLbb17a29411a04e3,110.00,0.0,187893.89
,461,09/02/2024,09/02/2024,-,UPI/404045963570/Payment from Ph/paytmqr1fk6ozgz/Paytm Payments /IBLad1e3d774d6,40.00,0.0,187853.89
,462,09/02/2024,09/02/2024,-,UPI/440678242935/Payment from Ph/Q356348775@ybl/Yes Bank Ltd/IBLaf19b177a3b5460,54.00,0.0,187799.89
,463,09/02/2024,09/02/2024,-,UPI/404069477269/Payment from Ph/bajajpay.687972/INDUSIND BANK/IBL3a8c3d3bd1f14,36.00,0.0,187763.89
,464,09/02/2024,09/02/2024,-,UPI/404025680737/Payment from Ph/paytmqrng9i92jo/Paytm Payments /IBLea225ff7bcb,220.00,0.0,187543.89
,465,10/02/2024,12/02/2024,-,UPI/404131420014/Payment from Ph/paytm-8796946@p/Paytm Payments /PYTM4021025463,15.00,0.0,187528.89
,466,10/02/2024,12/02/2024,-,UPI/440781788360/Payment from Ph/9836552340@ybl/Paytm Payments /IBL9460a81c3422,1000.00,0.0,186528.89
,467,10/02/2024,12/02/2024,-,UPI/404129975758/Payment from Ph/paytm-8796946@p/Paytm Payments /PYTM4021026175,5.00,0.0,186523.89
,468,11/02/2024,12/02/2024,-,UPI/404232343970/Payment from Ph/paytm-8796946@p/Paytm Payments /PYTM4021125164,5.00,0.0,186518.89
,469,11/02/2024,12/02/2024,-,UPI/404248278949/UPI Payment/amsouvik@paytm//ICIace0dd13f6c54ddc89e15dc770313d9,500.00,0.0,186018.89
,470,11/02/2024,12/02/2024,-,UPI/440869320107/Oid23037495118@/add-money@paytm/Paytm Payments /PTMe3055bd4763,668.90,0.0,185349.99
,471,11/02/2024,12/02/2024,-,UPI/440891051911/Payment from Ph/9836552340@ybl/Paytm Payments /IBL507a83a519c6,500.00,0.0,184849.99
,472,11/02/2024,12/02/2024,-,UPI/440878990282/Payment from Ph/Q532198422@ybl/Yes Bank Ltd/IBL18d49db5b950470,140.00,0.0,184709.99
,473,11/02/2024,12/02/2024,-,UPI/440820209392/Payment from Ph/Q532198422@ybl/Yes Bank Ltd/IBL39f8655664b94a1,20.00,0.0,184689.99
,474,12/02/2024,12/02/2024,-,UPI/440902476298/Payment from Ph/9830071849@ybl/Bank of Baroda/IBLfaa6124458824,450.00,0.0,184239.99
,475,13/02/2024,13/02/2024,-,UPI/441052691224/Payment from Ph/mazumdersaradin/ICICI Bank/IBL2b0fedbb0ecf4665,325.00,0.0,183914.99
,476,13/02/2024,13/02/2024,-,UPI/404407548425/Payment from Ph/paytm-8796946@p/Paytm Payments /PYTM4021321338,5.00,0.0,183909.99
,477,13/02/2024,13/02/2024,-,UPI/441032162429/Payment from Ph/Q048776291@ybl/Yes Bank Ltd/IBLbf0540601bea4a8,10.00,0.0,183899.99
,478,13/02/2024,13/02/2024,-,UPI/404446864482/Payment from Ph/paytm-64670120@/Paytm Payments /IBL33d5a30b336,5.00,0.0,183894.99
,479,13/02/2024,13/02/2024,-,UPI/441057354927/Payment from Ph/soman78@ibl/State Bank Of I/IBL59c017fccf5f487,190.00,0.0,183704.99
,480,14/02/2024,14/02/2024,-,UPI/441114950070/Payment from Ph/7980737871@ibl/State Bank Of I/IBLbccf28c0a231,180.00,0.0,183524.99
,481,14/02/2024,14/02/2024,-,UPI/404574033555/Payment from Ph/8984996948@ibl/Fino Payments B/IBL26e4ea726f18,562.00,0.0,182962.99
,482,14/02/2024,14/02/2024,-,UPI/404519157552/Payment from Ph/paytm-8796946@p/Paytm Payments /PYTM4021424731,10.00,0.0,182952.99
,483,14/02/2024,14/02/2024,-,UPI/441131523621/Payment from Ph/Q216283049@ybl/Yes Bank Ltd/IBL22deed8608ac4a0,30.00,0.0,182922.99
,484,14/02/2024,14/02/2024,-,UPI/441115650475/Payment from Ph/soman78@ibl/State Bank Of I/IBL58007c321ca441d,200.00,0.0,182722.99
,485,14/02/2024,14/02/2024,-,UPI/441199123063/Payment from Ph/Q366555369@ybl/Yes Bank Ltd/IBL3071781a557a4e5,100.00,0.0,182622.99
,486,14/02/2024,14/02/2024,-,UPI/441170973894/Payment from Ph/Q377179958@ybl/Yes Bank Ltd/IBL2526e0a761d14ec,140.00,0.0,182482.99
,487,14/02/2024,14/02/2024,-,UPI/404516976089/Payment from Ph/gpay-1122677242/Axis Bank Ltd./IBL628beccc72ca,71.00,0.0,182411.99
,488,15/02/2024,15/02/2024,-,UPI/441240820761/Payment from Ph/Q786035726@ybl/Yes Bank ,129.00,0.0,182282.99
,,,,,Ltd/IBL83b0cc8926c7487,,,
,489,15/02/2024,15/02/2024,-,UPI/404674540624/Payment from Ph/ghosh915@paytm/Kotak Mahindra /IBL12ce101d628d,170.00,0.0,182112.99
,490,15/02/2024,15/02/2024,-,INF/IWISH CONTRIBUTION                            ,29886.00,0.0,152226.99
,491,15/02/2024,15/02/2024,-,UPI/404663786541/Payment from Ph/paytm-8796946@p/Paytm Payments /PYTM4021525015,10.00,0.0,152216.99
,492,15/02/2024,15/02/2024,-,UPI/404600409845/Payment from Ph/paytm-64670120@/Paytm Payments /IBL9f287676642,10.00,0.0,152206.99
,493,15/02/2024,15/02/2024,-,UPI/404610321393/Payment from Ph/paytm-64670120@/Paytm Payments /IBL8e2fed89509,5.00,0.0,152201.99
,494,15/02/2024,15/02/2024,-,UPI/404652176490/Payment from Ph/SKS.RESTAURANT@/ICICI Bank/IBLe7261b8742b64d5f,290.00,0.0,151911.99
,495,15/02/2024,15/02/2024,-,UPI/441252772298/Payment from Ph/Q041455946@ybl/Yes Bank Ltd/IBL1519e32e4e594a5,91.00,0.0,151820.99
,496,16/02/2024,16/02/2024,-,UPI/404700258316/Payment from Ph/8100014830@payt/Canara Bank/IBLb6200165f38249d,110.00,0.0,151710.99
,497,16/02/2024,16/02/2024,-,UPI/404763790269/Payment from Ph/paytmqr1fk6ozgz/Paytm Payments /IBL955b73f588e,34.00,0.0,151676.99
,498,16/02/2024,16/02/2024,-,UPI/404764207930/Payment from Ph/suvohazra15@oks/State Bank Of I/IBL3bdb6c8fd16,100.00,0.0,151576.99
,499,16/02/2024,16/02/2024,-,UPI/441332846582/Payment from Ph/Q127366015@ybl/Yes Bank Ltd/IBL37d1c8bc754744c,10.00,0.0,151566.99
,500,16/02/2024,16/02/2024,-,UPI/441331738548/Payment from Ph/8336882241@ybl/Punjab National/IBL1eeb6266e8ba,70.00,0.0,151496.99
,501,16/02/2024,16/02/2024,-,UPI/404743645938/Payment from Ph/gpay-1123695798/Axis Bank Ltd./IBL9b5715f46d43,100.00,0.0,151396.99
,502,17/02/2024,17/02/2024,-,UPI/441450010663/Payment from Ph/7980860918@ybl/Kotak Mahindra /IBL03425977d5dd,600.00,0.0,150796.99
,503,17/02/2024,17/02/2024,-,UPI/404856718613/Payment from Ph/paytm-8796946@p/Paytm Payments /PYTM4021725355,10.00,0.0,150786.99
,504,18/02/2024,19/02/2024,-,UPI/404970221901/UPI Payment/amsouvik@paytm//ICIea93599c94e242ee8e7daddb67cddb9,175.00,0.0,150611.99
,505,18/02/2024,19/02/2024,-,UPI/441505494849/Sent from Paytm/amsouvik@paytm/Paytm Payments /PTMd5720ac8354a,0.0,59960.00,210571.99
,506,18/02/2024,19/02/2024,-,UPI/404944477091/Payment from Ph/paytm-8796946@p/Paytm Payments /PYTM4021822932,10.00,0.0,210561.99
,507,18/02/2024,19/02/2024,-,UPI/441506173375/Payment from Ph/devrajram732493/Punjab National/IBL94c15bd4d91,318.00,0.0,210243.99
,508,18/02/2024,19/02/2024,-,UPI/404942198765/Payment from Ph/mailtotuhinroy-/Axis Bank Ltd./IBL3e4b333df315,1020.00,0.0,209223.99
,509,18/02/2024,19/02/2024,-,UPI/404977524809/Payment from Ph/rafikulhossainm/Punjab National/IBL56f80850558,383.00,0.0,208840.99
,510,18/02/2024,19/02/2024,-,UPI/404952743184/Payment from Ph/paytmqr1jn7y0py/Paytm Payments /IBL53e7013fe27,180.00,0.0,208660.99
,511,19/02/2024,19/02/2024,-,UPI/405074049316/Indian Clearing/mutualfunds.ele/ICICI Bank/ICIf038ccee282d4ade,3000.00,0.0,205660.99
,512,20/02/2024,20/02/2024,-,UPI/405177455472/Indian Clearing/mutualfunds.ele/ICICI Bank/ICId3565d62a59e4a28,2000.00,0.0,203660.99
,513,21/02/2024,21/02/2024,-,UPI/405234530718/Payment from Ph/saquibghazali@o/HDFC BANK LTD/IBL6dc64cf122124,110.00,0.0,203550.99
,514,22/02/2024,22/02/2024,-,UPI/405348881002/Payment from Ph/7595817070@payt/Bank of Baroda/IBL00efff177e87,110.00,0.0,203440.99
,515,22/02/2024,22/02/2024,-,UPI/441923920835/Payment from Ph/Q129384547@ybl/Yes Bank Ltd/IBL9372a8110d75448,60.00,0.0,203380.99
,516,22/02/2024,22/02/2024,-,UPI/405330510172/Collect from am/sbimops@sbi/State Bank Of I/SBI6B1D84C8137C4C2,100.00,0.0,203280.99
,517,22/02/2024,22/02/2024,-,UPI/405385944197/Payment from Ph/balamonaj@ybl/IDFC FIRST ,60.00,0.0,203220.99
,,,,,Bank/IBL84cbbc1e01474,,,
,518,23/02/2024,23/02/2024,-,UPI/442071292099/Payment from Ph/9831915331@ybl/State Bank Of I/IBL06c020e41a0a,60.00,0.0,203160.99
,519,23/02/2024,23/02/2024,-,UPI/442061525188/Payment from Ph/mazumdersaradin/ICICI Bank/IBLd88518b1e2304e50,650.00,0.0,202510.99
,520,23/02/2024,23/02/2024,-,UPI/405446007526/Payment from Ph/Rapido/Paytm Payments /IBL841013aa0ab54cd3ae9b,119.00,0.0,202391.99
,521,23/02/2024,23/02/2024,-,UPI/405456096286/Payment from Ph/Nimijita Mistry/Paytm Payments /IBLf9107a43dd1,34.00,0.0,202357.99
,522,23/02/2024,23/02/2024,-,UPI/442053928509/PayviaRazorpay/groww/Axis Bank Ltd./ICI3d3ba1b41cfc4a3d96d68cd,25000.00,0.0,177357.99
,523,23/02/2024,23/02/2024,-,UPI/405469644770/Payment from Ph/Nimijita Mistry/Paytm Payments /IBL752e79fe3cd,34.00,0.0,177323.99
,524,23/02/2024,23/02/2024,-,UPI/442037907729/Payment from Ph/UTTAM DAS/Yes Bank Ltd/IBL6de8fdd68162413e8c07,60.00,0.0,177263.99
,525,23/02/2024,23/02/2024,-,UPI/442065195654/Payment from Ph/SURESH DAS/Yes Bank Ltd/IBL52c6402bcf1b493b89b,20.00,0.0,177243.99
,526,23/02/2024,23/02/2024,-,UPI/405432809466/PaymenttoROPPEN/Rapido/ICICI Bank/IBL55168ac57f0c40eda1b365bf0,134.00,0.0,177109.99
,527,23/02/2024,24/02/2024,-,UPI/442000979465/PayviaRazorpay/Swiggy/Axis Bank Ltd./ICI9ef876e9a6f2425c81c99a,403.00,0.0,176706.99
,528,24/02/2024,24/02/2024,-,UPI/442112507244/Payment from Ph/MD AZAD/Yes Bank Ltd/IBL67834b3e9d3840fca5cc48,95.00,0.0,176611.99
,529,24/02/2024,24/02/2024,-,UPI/405519673772/Payment from Ph/MOHAMMAD NAUSAD/Paytm Payments /IBL48a241983b6,125.00,0.0,176486.99
,530,24/02/2024,24/02/2024,-,UPI/405590909098/Payment from Ph/Indian Railways/Paytm Payments /IBLc6bc7ed5fc6,10.00,0.0,176476.99
,531,24/02/2024,24/02/2024,-,UPI/442127852009/Payment from Ph/GOURI SAHA/State Bank Of I/IBLde22523e95b048a1,50.00,0.0,176426.99
,532,24/02/2024,24/02/2024,-,UPI/442135559393/Payment from Ph/KASHINATHGHOSH/Yes Bank Ltd/IBLd3bb69617a99412,70.00,0.0,176356.99
,533,24/02/2024,24/02/2024,-,UPI/405582194477/Payment from Ph/Amit Kumar Saha/Paytm Payments /IBL9562e34747d,80.00,0.0,176276.99
,534,24/02/2024,26/02/2024,-,UPI/405565427432/UPI/ZOMATO LIMITED/Axis Bank Ltd./ICI4a0bc583886b4be49c4c6440e,415.89,0.0,175861.10
,535,25/02/2024,26/02/2024,-,UPI/405603018953/Payment from Ph/IRCTC UTS/Paytm Payments /PYTM4022522642960953,5.00,0.0,175856.10
,536,26/02/2024,26/02/2024,-,UPI/442332444426/Payment from Ph/SARADINDU MAZUM/ICICI Bank/IBLf206cb0699de47fa,1000.00,0.0,174856.10
,537,26/02/2024,26/02/2024,-,DCardfee3510FEB24-JAN25+GST                       ,824.82,0.0,174031.28
,538,26/02/2024,26/02/2024,-,UPI/442323678119/Payment from Ph/VIKASH KUMAR/State Bank Of I/IBL31e884eb54ed4f,20.00,0.0,174011.28
,539,26/02/2024,26/02/2024,-,UPI/405762006512/UberRide/UBER INDIA SYST/HDFC BANK LTD/ICI0462da8821874474a179,1.00,0.0,174010.28
,540,26/02/2024,26/02/2024,-,UPI/405727950294/Charge Adjustme/UBER INDIA SYST/HDFC BANK LTD/HDF591DC09CBC894,0.0,1.00,174011.28
,541,26/02/2024,26/02/2024,-,UPI/405728056053/charge/UBER INDIA SYST/HDFC BANK LTD/HDF3F76A409D87F4C50BD4604,337.47,0.0,173673.81
,542,26/02/2024,26/02/2024,-,UPI/405701326657/Swiggy/Bundl technolog/State Bank Of I/ICI62fdc89e6ef74da6a74a,302.00,0.0,173371.81
,543,27/02/2024,27/02/2024,-,UPI/405853727664/Payment from Ph/IRCTC UTS/Paytm Payments /PYTM4022725502533182,10.00,0.0,173361.81
,544,27/02/2024,27/02/2024,-,MMT/IMPS/405820916163/PaidviaCRED/DREAMPLUGP/Axis ,0.0,5000.00,178361.81
,545,27/02/2024,27/02/2024,-,UPI/442462923292/Payment from Ph/SARADINDU MAZUM/ICICI Bank/IBL2eeb4741c7954188,5000.00,0.0,173361.81
,546,28/02/2024,28/02/2024,-,UPI/442553245549/Payment from ,110.00,0.0,173251.81
,,,,,Ph/AMIT BOSE/State Bank Of I/IBL2f964cd26d574ea9b,,,
,547,28/02/2024,28/02/2024,-,UPI/442574990995/Payment from Ph/RAJIBUL ISLAM/State Bank Of I/IBL494c4c54b05a4,80.00,0.0,173171.81
,548,28/02/2024,28/02/2024,-,UPI/405951474980/UPI/SAYAK MUKHOPADH/ICICI Bank/ICI63e7489950ac4455bdca9ea76bc1,0.0,80.00,173251.81
,549,28/02/2024,28/02/2024,-,UPI/405910055891/Payment from Ph/Nimijita Mistry/Paytm Payments /IBL5eb7c245ad0,37.00,0.0,173214.81
,550,28/02/2024,28/02/2024,-,UPI/405957858832/Payment from Ph/Nimijita Mistry/Paytm Payments /IBL2e6b6a5c2fe,10.00,0.0,173204.81
,551,28/02/2024,28/02/2024,-,UPI/442596061519/Payment from Ph/RINA JANA/Yes Bank Ltd/IBL6bd30a2d3c9c42e7b0b0,110.00,0.0,173094.81
,552,28/02/2024,28/02/2024,-,UPI/442542295315/Payment from Ph/MD SHANAWAZ/Kotak Mahindra /IBL1f11976303254bc,130.00,0.0,172964.81
,553,29/02/2024,29/02/2024,-,NEFT-IN1ON24022905TFR-CLOUDKAPTAN CONSULTANCY SERVICES PR-/ACC/SALARY FEB 2024-,0.0,115172.00,288136.81
,554,29/02/2024,29/02/2024,-,UPI/442680660005/UberRide/UBER INDIA SYST/HDFC BANK LTD/ICI1626e2bdfe314570abcc,253.60,0.0,287883.21
,555,29/02/2024,29/02/2024,-,UPI/406037879888/charge/UBER INDIA SYST/HDFC BANK LTD/HDFBF903AF2F07F4994BF37D0,107.86,0.0,287775.35
,556,29/02/2024,29/02/2024,-,UPI/442687357908/Payment from Ph/VIKASH KUMAR/State Bank Of I/IBLb8ef47a4e8d941,60.00,0.0,287715.35
,557,01/03/2024,01/03/2024,-,UPI/406198231360/Payment from Ph/JOY LAWRENCE GO/HDFC BANK LTD/IBL1cb8cc60f98c4,170.00,0.0,287545.35
,558,01/03/2024,01/03/2024,-,UPI/442798206055/Payment from Ph/DOLAN SARDAR/Yes Bank Ltd/IBL5c2e9375f7b649468,34.00,0.0,287511.35
,559,01/03/2024,01/03/2024,-,UPI/442776997973/Payment from Ph/CHHOKO SARDAR/Yes Bank Ltd/IBLdad6db257696406b,34.00,0.0,287477.35
,560,01/03/2024,01/03/2024,-,UPI/442796794278/Payment from Ph/SURESH RAJARAM/Yes Bank Ltd/IBLc349aad78d654f7,10.00,0.0,287467.35
,561,01/03/2024,01/03/2024,-,UPI/442778654040/You are paying/SWIGGY/Axis Bank Ltd./APL018dfaea70c2d8112058f7,388.00,0.0,287079.35
,562,02/03/2024,02/03/2024,-,UPI/406224774338/Payment from Ph/IRCTC UTS/Paytm Payments /PYTM4030225303623190,10.00,0.0,287069.35
,563,02/03/2024,02/03/2024,-,UPI/442885134097/Payment from Ph/SOUMEN CHAKRABO/Yes Bank Ltd/IBL8ef253b9e8544e,96.00,0.0,286973.35
,564,02/03/2024,02/03/2024,-,UPI/406275298833/Payment from Ph/GREEN INN RESTA/HDFC BANK LTD/IBL050720aaaab74,2679.00,0.0,284294.35
,565,02/03/2024,02/03/2024,-,UPI/442824072507/UPI/AGNIC BISWAS/ICICI Bank/ICIc1,0.0,280.00,284574.35
,566,02/03/2024,02/03/2024,-,UPI/442874282171/UPI/SUBHAM DEBNATH/ICICI Bank/ICI6a7ac57f3d064531bc67ab12d8594,0.0,800.00,285374.35
,567,02/03/2024,02/03/2024,-,UPI/406286735159/UPI/UDDIPAN BOSE/Punjab National/HDFa511247f3da849cb9062eaa02e,0.0,800.00,286174.35
,568,02/03/2024,02/03/2024,-,UPI/442852691683/Payment from Ph/MDSHAHJAHAN/Yes Bank Ltd/IBL55c3899b85a14231b6,150.00,0.0,286024.35
,569,02/03/2024,02/03/2024,-,UPI/442889971880/Payment from Ph/MDSHAHJAHAN/Yes Bank Ltd/IBL0c989d23fa44403fae,70.00,0.0,285954.35
,570,02/03/2024,04/03/2024,-,UPI/406290883277/Payment from Ph/MOHAMMAD NAUSAD/Paytm Payments /IBLb9a3d8733b2,80.00,0.0,285874.35
,571,03/03/2024,04/03/2024,-,UPI/442975773838/Payment from Ph/SARADINDU MAZUM/ICICI Bank/IBL0c33a0065a50459e,20000.00,0.0,265874.35
,572,03/03/2024,04/03/2024,-,UPI/406313937170/Payment from Ph/Indian Railways/Paytm Payments /IBL75386884d00,10.00,0.0,265864.35
,573,03/03/2024,04/03/2024,-,UPI/442905583334/Payment from Ph/SUNITA SARDAR/Yes Bank Ltd/IBL24ab07310afe425f,10.00,0.0,265854.35
,574,03/03/2024,04/03/2024,-,UPI/406340625583/Payment from Ph/FISH TISH/Axis Bank Ltd./IBL6f3d9fe04ed8406ca1,250.00,0.0,265604.35
,575,03/03/2024,04/03/2024,-,UPI/406373828147/Payment from Ph/Aloke Chakrabor/Paytm Payments /IBLec6197e26f4,200.00,0.0,265404.35
,576,03/03/2024,04/03/2024,-,UPI/406389796297/Payment from Ph/DEBDAS DUTTA/Paytm Payments /IBL9f4ca75526bf40,50.00,0.0,265354.35
,577,04/03/2024,04/03/2024,-,UPI/406437382310/UPI/ubpersonal007@o/Punjab National/HDF00deedf42baf409d8b64d1a,0.0,50.00,265404.35
,578,04/03/2024,04/03/2024,-,UPI/443047578659/Payment from Ph/Q217368053@ybl/Yes Bank Ltd/IBL462cbe40fc0043e,70.00,0.0,265334.35
,579,05/03/2024,05/03/2024,-,UPI/443142389433/Payment from Ph/Q379118897@ybl/Yes Bank Ltd/IBL9d168a849a57430,20.00,0.0,265314.35
,580,05/03/2024,05/03/2024,-,UPI/406512490553/UberRide/uberrides@hdfcb/HDFC BANK LTD/ICI0896f4d8bf5745ba84c8,399.87,0.0,264914.48
,581,05/03/2024,05/03/2024,-,UPI/406530928901/Indian Clearing/mutualfunds.ele/ICICI Bank/ICI84062d7aac7f4643,4000.00,0.0,260914.48
,582,05/03/2024,05/03/2024,-,UPI/406530928942/Indian Clearing/mutualfunds.ele/ICICI Bank/ICI153ff3d7cc4c4c6b,10000.00,0.0,250914.48
,583,05/03/2024,05/03/2024,-,UPI/406530929325/Indian Clearing/mutualfunds.ele/ICICI Bank/ICI36dcd8d4903945e3,10000.00,0.0,240914.48
,584,05/03/2024,05/03/2024,-,UPI/406530932377/Indian Clearing/mutualfunds.ele/ICICI Bank/ICI0f75c2526c2b422a,1000.00,0.0,239914.48
,585,05/03/2024,05/03/2024,-,UPI/406554686213/charge/uberrides@hdfcb/HDFC BANK LTD/HDF03B1FF9F2E4A45DD80E0DD,362.98,0.0,239551.50
,586,05/03/2024,05/03/2024,-,UPI/406531121018/UPI Payment/amsouvik@dbs//ICIb061,60000.00,0.0,179551.50
,587,05/03/2024,05/03/2024,-,UPI/406528005810/UPI/a4anish00-2@oki/ICICI Bank/ICI6c3f02c8c2804d9e964ef489d38f,165.00,0.0,179386.50
,588,05/03/2024,05/03/2024,-,UPI/443169527474/Payment from Ph/Q379118897@ybl/Yes Bank Ltd/IBLb685c71aad9947e,10.00,0.0,179376.50
,589,06/03/2024,06/03/2024,-,UPI/406610772194/Payment from Ph/rc0555887@okaxi/Indian Overseas/IBLeb70e81cb5d,200.00,0.0,179176.50
,590,06/03/2024,06/03/2024,-,UPI/406607679013/Payment from Ph/8391940263@okbi/Axis Bank Ltd./IBL7124d3ea32af,40.00,0.0,179136.50
,591,06/03/2024,06/03/2024,-,UPI/443230193584/Payment from Ph/Q668615817@ybl/Yes Bank Ltd/IBLcca678690ef84aa,10.00,0.0,179126.50
,592,06/03/2024,06/03/2024,-,UPI/443204315708/Payment from Ph/Q542806121@ybl/Yes Bank Ltd/IBLa38159cfb22e4bc,200.00,0.0,178926.50
,593,06/03/2024,06/03/2024,-,UPI/443226678947/Payment from Ph/Q668615817@ybl/Yes Bank Ltd/IBL9cc2ef37d46b4dd,10.00,0.0,178916.50
,594,06/03/2024,06/03/2024,-,UPI/443267767310/UPI/a4anish00-2@oki/ICICI Bank/ICI7889014b22cf46d2b1fcecec41d6,200.00,0.0,178716.50
,595,06/03/2024,06/03/2024,-,UPI/406668221389/Payment from Ph/irctctourism1pa/HDFC BANK LTD/IBL6bc9e645ddda4,5.00,0.0,178711.50
,596,06/03/2024,06/03/2024,-,UPI/443249397876/amar aar shreya/ubpersonal007@o/Punjab National/ICI5ba9cb42272,326.00,0.0,178385.50
,597,06/03/2024,06/03/2024,-,UPI/406658636556/Payment from Ph/gpay-1123154953/Axis Bank Ltd./IBL680544e7c251,60.00,0.0,178325.50
,598,07/03/2024,07/03/2024,-,UPI/443399155691/Payment from Ph/BBPSBP@axl/Axis Bank Ltd./IBLb578e8c605eb454cb,590.00,0.0,177735.50
,599,07/03/2024,07/03/2024,-,UPI/443309069969/Payment from Ph/Q379118897@ybl/Yes Bank Ltd/IBLf6c03a10d0bc427,36.00,0.0,177699.50
,600,07/03/2024,07/03/2024,-,UPI/443346197240/Payment from Ph/Q379118897@ybl/Yes Bank Ltd/IBL18de50ebff88477,10.00,0.0,177689.50
,601,07/03/2024,07/03/2024,-,UPI/443350927567/UPI/669225291@ibl/Kotak Mahindra /ICI92c0891cafef4e338f4f20664,150.00,0.0,177539.50
,602,07/03/2024,07/03/2024,-,UPI/406760745205/UPI/rounokdasrkd@ok/State Bank Of I/SBI3af5d90364644e14bdad47b,0.0,50.00,177589.50
,603,07/03/2024,07/03/2024,-,UPI/443344308927/Payment from Ph/Q379118897@ybl/Yes Bank Ltd/IBLdec72cdc73cd4ff,10.00,0.0,177579.50
,604,07/03/2024,07/03/2024,-,UPI/443378942165/Payment from Ph/Q668615817@ybl/Yes Bank Ltd/IBL30622a9cfaa545e,30.00,0.0,177549.50
,605,07/03/2024,07/03/2024,-,UPI/443356136424/Payment from Ph/Q048776291@ybl/Yes Bank Ltd/IBLe4bd1f82942c409,10.00,0.0,177539.50
,606,08/03/2024,08/03/2024,-,UPI/443459778977/Payment from Ph/Q379118897@ybl/Yes Bank Ltd/IBLf42c78be76634d7,30.00,0.0,177509.50
,607,08/03/2024,08/03/2024,-,UPI/443484659661/Payment from Ph/Q379118897@ybl/Yes Bank Ltd/IBLa9d3fe790efe495,17.00,0.0,177492.50
,608,08/03/2024,08/03/2024,-,UPI/443430771812/Payment from Ph/Q698685759@ybl/Yes Bank Ltd/IBL8b130ca5cf544e4,60.00,0.0,177432.50
,609,08/03/2024,08/03/2024,-,UPI/406899196900/UPI/ubpersonal007@o/Punjab National/ICI85973149075b45358559a4b,100.00,0.0,177332.50
,610,08/03/2024,08/03/2024,-,UPI/406890298955/Payment from Ph/paytmqrng9i92jo/Paytm Payments /IBL68f21f38991,160.00,0.0,177172.50
,611,09/03/2024,09/03/2024,-,UPI/406949790005/PayviaRazorpay/swiggy773.rzp@i/ICICI Bank/ACD01HRHX52CPZ2NZGDW,304.00,0.0,176868.50
,612,10/03/2024,11/03/2024,-,UPI/407072994747/UPI/paytm-64670120@/Paytm Payments /ICI0943727dce0c419b8b8472f,10.00,0.0,176858.50
,613,10/03/2024,11/03/2024,-,UPI/407091206669/UPI/mukherjeepuja22/Axis Bank Ltd./ICIae7a87b907b44e459a32d407,50.00,0.0,176808.50
,614,10/03/2024,11/03/2024,-,NFS/CASH WDL/407021026413/DPRH1229/NORTH 24 /10-03,2000.00,0.0,174808.50
,615,11/03/2024,11/03/2024,-,UPI/443747209149/Payment from Ph/Q463717299@ybl/Yes Bank Ltd/IBL993360c00e2540d,10.00,0.0,174798.50
,616,11/03/2024,11/03/2024,-,UPI/443726185126/Payment from Ph/Q542806121@ybl/Yes Bank Ltd/IBLba2860b04aaa48d,185.00,0.0,174613.50
,617,11/03/2024,11/03/2024,-,UPI/443718424400/Payment from Ph/Q379118897@ybl/Yes Bank Ltd/IBLbf738229c0d94b4,30.00,0.0,174583.50
,618,11/03/2024,11/03/2024,-,UPI/443773870738/UPI/zomatoorder1.gp/Axis Bank Ltd./ICIdd33e934d8d2427d925a3fff,547.74,0.0,174035.76
,619,12/03/2024,12/03/2024,-,UPI/443885851462/Payment from Ph/Q379118897@ybl/Yes Bank Ltd/IBLbccecafb29d145c,10.00,0.0,174025.76
,620,12/03/2024,12/03/2024,-,UPI/407211983966/Swiggy Order Id/swiggyupi@axisb/Axis Bank Ltd./AXISSDKV316488e,508.00,0.0,173517.76
,621,13/03/2024,13/03/2024,-,UPI/443921346480/Payment from Ph/Q668615817@ybl/Yes Bank Ltd/IBL9f1ff793a1074a2,20.00,0.0,173497.76
,622,13/03/2024,13/03/2024,-,UPI/407310393783/Payment from Ph/8391940263@okbi/Axis Bank Ltd./IBL0b72c492e9dc,30.00,0.0,173467.76
,623,13/03/2024,13/03/2024,-,UPI/407341988637/Payment from Ph/8391940263@okbi/Axis Bank Ltd./IBLb16c2ad3dc67,30.00,0.0,173437.76
,624,13/03/2024,13/03/2024,-,UPI/443952800372/Payment from Ph/Q668615817@ybl/Yes Bank Ltd/IBL7fc0a9d881134e6,41.00,0.0,173396.76
,625,14/03/2024,14/03/2024,-,UPI/407472745897/Payment from Ph/paytm-76881028@/Paytm Payments /IBL25a4da6a899,105.00,0.0,173291.76
,626,14/03/2024,14/03/2024,-,UPI/444007772028/kalker lunch er/a4anish00-2@oki/ICICI Bank/ICI6afd8c59e43e497c,75.00,0.0,173216.76
,627,14/03/2024,14/03/2024,-,UPI/444063161385/Payment from Ph/Q040151297@ybl/Yes Bank Ltd/IBL03e91ed2f06e406,80.00,0.0,173136.76
,628,14/03/2024,14/03/2024,-,UPI/444093916728/Payment from Ph/Q078683113@ybl/Yes Bank Ltd/IBL749a11cd8e60436,30.00,0.0,173106.76
,629,14/03/2024,14/03/2024,-,UPI/407492159624/Payment from Ph/Vyapar.17068160/HDFC BANK LTD/IBL116f64bfc1764,60.00,0.0,173046.76
,630,14/03/2024,14/03/2024,-,UPI/444050693900/Payment from Ph/Q412676094@ybl/Yes Bank Ltd/IBL49f505bb45b245f,94.00,0.0,172952.76
,631,14/03/2024,14/03/2024,-,UPI/407471774457/Payment from Ph/bodhisatwa.1127/Kotak Mahindra /IBL792d0564dc3,70.00,0.0,172882.76
,632,15/03/2024,15/03/2024,-,INF/IWISH CONTRIBUTION                            ,29886.00,0.0,142996.76
,633,15/03/2024,15/03/2024,-,UPI/444166651318/Payment from Ph/7227832882@ybl/State Bank Of I/IBL88fab31d4d36,170.00,0.0,142826.76
,634,15/03/2024,15/03/2024,-,UPI/407574749241/Payment from Ph/paytm-8796946@p/Yes Bank Ltd/PYTM4031526055110,5.00,0.0,142821.76
,635,16/03/2024,16/03/2024,-,UPI/407658074872/Pay for merchan/swiggy@yespay/Yes Bank Ltd/YJPed85546d9ea7448b,436.00,0.0,142385.76
,636,17/03/2024,18/03/2024,-,UPI/444385069970/UPI/sayanpappu12345/ICICI Bank/ICI07667b64ec704ae0ab0bd41671de,994.00,0.0,141391.76
,637,17/03/2024,18/03/2024,-,UPI/407721455525/Payment from Ph/paytm-8796946@p/Yes Bank Ltd/PYTM4031726178321,5.00,0.0,141386.76
,638,18/03/2024,18/03/2024,-,UPI/444458029182/Payment from Ph/Q379118897@ybl/Yes Bank Ltd/IBL64ff6fb30d3d4c3,42.00,0.0,141344.76
,639,18/03/2024,18/03/2024,-,UPI/407882038070/Indian Clearing/mutualfunds.ele/ICICI Bank/ICIa48bd2e3b9384ca2,3000.00,0.0,138344.76
,640,18/03/2024,18/03/2024,-,UPI/407816641767/Payment from Ph/8391940263@okbi/Axis Bank Ltd./IBLe09557ad6f61,51.00,0.0,138293.76
,641,18/03/2024,18/03/2024,-,UPI/407858326843/Payment from Ph/8391940263@okbi/Axis Bank Ltd./IBL8f14023b8927,64.00,0.0,138229.76
,642,18/03/2024,18/03/2024,-,UPI/407876110709/Payment from Ph/ranadip.das91-2/Indian Overseas/IBL01bdd9e9435,160.00,0.0,138069.76
,643,19/03/2024,19/03/2024,-,UPI/444549156095/Payment from Ph/Q643701412@ybl/Yes Bank Ltd/IBL9cd97efa6afc426,90.00,0.0,137979.76
,644,19/03/2024,19/03/2024,-,UPI/444554450193/UPI/sd4shanudey-2@o/Jio Payments Ba/ICI39329abce6184cd4ba663a1,211.00,0.0,137768.76
,645,19/03/2024,19/03/2024,-,UPI/407926214397/Payment from Ph/nabin.mandol@ib/INDUSIND BANK/IBL7d4e3705bd894,160.00,0.0,137608.76
,646,19/03/2024,19/03/2024,-,UPI/407906877735/UPI/abhishek4667-1@/Punjab National/ICIbe29dcb5dbdd436b8465383,490.00,0.0,137118.76
,647,20/03/2024,20/03/2024,-,UPI/408089628308/Indian Clearing/mutualfunds.ele/ICICI Bank/ICIaae5cda94ab14acc,2000.00,0.0,135118.76
,648,20/03/2024,20/03/2024,-,UPI/408081119851/Payment from Ph/8391940263@okbi/Axis Bank Ltd./IBLa967e9329e6b,51.00,0.0,135067.76
,649,20/03/2024,20/03/2024,-,UPI/444601088432/UPI/8918527074@ybl/Indian Bank/ICI38f9f72415b7496da48ed188dc28,95.00,0.0,134972.76
,650,21/03/2024,21/03/2024,-,UPI/444745615721/Payment from Ph/7003436735@ibl/State Bank Of I/IBL1195901cd00e,190.00,0.0,134782.76
,651,21/03/2024,21/03/2024,-,UPI/408142310505/Payment from Ph/8391940263@okbi/Axis Bank Ltd./IBL2809f6bce818,68.00,0.0,134714.76
,652,21/03/2024,21/03/2024,-,UPI/444774640148/UPI/sarkar.soumik.1/State Bank Of I/ICI427be1169dc64859969bea1,90.00,0.0,134624.76
,653,21/03/2024,21/03/2024,-,UPI/444796803515/Payment from Ph/6291257299@axl/State Bank Of I/IBL864c5973d389,230.00,0.0,134394.76
,654,22/03/2024,22/03/2024,-,UPI/408252034635/Payment from Ph/nooralam909786@/IDFC FIRST Bank/IBL65c865ff19e,180.00,0.0,134214.76
,655,22/03/2024,22/03/2024,-,UPI/444866494138/Payment from Ph/Q379118897@ybl/Yes Bank Ltd/IBL817fde08e6a14c8,34.00,0.0,134180.76
,656,22/03/2024,22/03/2024,-,UPI/444808610345/UberRide/uberrides@hdfcb/HDFC BANK LTD/ICIf02bd134d3504815be6a,439.30,0.0,133741.46
,657,22/03/2024,22/03/2024,-,UPI/408220614697/Payment from Ph/8391940263@okbi/Axis Bank Ltd./IBL72a719423341,51.00,0.0,133690.46
,658,22/03/2024,22/03/2024,-,UPI/444899621192/Payment from Ph/Q279740599@ybl/Yes Bank Ltd/IBL459ead49ef29453,100.00,0.0,133590.46
,659,23/03/2024,23/03/2024,-,UPI/408378572266/Payment from Ph/bijlipay.beq268/Axis Bank Ltd./IBL73eaed9e66f7,4490.00,0.0,129100.46
,660,25/03/2024,25/03/2024,-,UPI/445163429898/UPI/niladridas970-1/Bank of Baroda/ICI3f334808da33456e9cd7847a,5000.00,0.0,124100.46
,661,25/03/2024,25/03/2024,-,UPI/408568027835/UPI/niladridas970-1/Bank of Baroda/ICI1ccae9a12ca946ef8b8ec1ec,0.0,100.00,124200.46
,662,25/03/2024,25/03/2024,-,UPI/408516747626/Pay to BharatPe/BHARATPE.900679/Federal Bank/IBL3ee0fce61f174a,82.00,0.0,124118.46
,663,25/03/2024,25/03/2024,-,UPI/408574245523/Payment from Ph/6297634621@axl/Indian Overseas/IBL5909f84b552c,1200.00,0.0,122918.46
,664,26/03/2024,26/03/2024,-,UPI/445291720689/Payment from Ph/Q379118897@ybl/Yes Bank Ltd/IBL513fa0342c0e420,45.00,0.0,122873.46
,665,26/03/2024,26/03/2024,-,UPI/408678126733/Swiggy Order Id/swiggyupi@axisb/Axis Bank Ltd./AXISSDKV33d5d07,374.00,0.0,122499.46
,666,27/03/2024,27/03/2024,-,UPI/445367548309/Payment from Ph/Q471077872@ybl/Yes Bank Ltd/IBL831c9d9af8354dd,90.00,0.0,122409.46
,667,27/03/2024,27/03/2024,-,NEFT-IN1ON24032704WHJ-CLOUDKAPTAN CONSULTANCY SERVICES PR-/ACC/SALARY MAR 2024-,0.0,115174.00,237583.46
,668,27/03/2024,27/03/2024,-,UPI/445337066796/Payment from Ph/8116321523@ybl/State Bank Of I/IBLdb65a9b0fe28,290.00,0.0,237293.46
,669,28/03/2024,28/03/2024,-,UPI/445430968276/UPI/abhishek4667-1@/Punjab National/ICI3e00ebc4a1cc4794ab2ee23,0.0,330.00,237623.46
,670,28/03/2024,28/03/2024,-,UPI/408880513347/UberIndranilDa/sd4shanudey-1@o/Jio Payments Ba/AXI6482ad6d1d61,0.0,110.00,237733.46
,671,28/03/2024,28/03/2024,-,UPI/408869072003/Paid Via Elemen/growwnbt.elemen/ICICI Bank/GPG2024032873506173,10000.00,0.0,227733.46
,672,29/03/2024,29/03/2024,-,UPI/408909655337/Payment from Ph/gpay-1124090534/Axis Bank Ltd./IBLc2f4eb009d1e,240.00,0.0,227493.46
,673,29/03/2024,29/03/2024,-,UPI/408974902968/UPI/msayak1269-1@ok/State Bank Of I/SBI4c2bc0e483d34856a83a70a,0.0,120.00,227613.46
,674,29/03/2024,29/03/2024,-,UPI/408983875126/UPI/imansaha833-2@o/HDFC BANK LTD/AXI37156c3acf004942b8df83670,0.0,798.00,228411.46
,675,29/03/2024,29/03/2024,-,UPI/408963341560/Payment from Ph/8391940263@okbi/Axis Bank Ltd./IBLdd3d3191f714,25.00,0.0,228386.46
,676,29/03/2024,29/03/2024,-,UPI/408923206636/collect-pay-req/yumresta.bd@ici/ICICI Bank/ICI2b0ecfe4e60c486f,685.99,0.0,227700.47
,677,29/03/2024,29/03/2024,-,UPI/445560123175/Payment from Ph/Q510000181@ybl/Yes Bank Ltd/IBL2d6e85f77ae9426,20.00,0.0,227680.47
,678,29/03/2024,30/03/2024,-,110301508979:Int.Pd:30-12-2023 to 29-03-2024      ,0.0,1343.00,229023.47
,679,30/03/2024,30/03/2024,-,UPI/445675363150/UPI/saradindu96@oki/ICICI Bank/ICIdfc0ff08462f48e98a9835beab6b,0.0,2000.00,231023.47
,680,30/03/2024,30/03/2024,-,UPI/409035767131/UPI/saradindu96@oki/ICICI Bank/ICI8315d55c503a471a846848f1f899,0.0,18000.00,249023.47
,681,30/03/2024,30/03/2024,-,UPI/445611372004/UPI/saradindu96@oki/ICICI Bank/ICI4e9d15394293476585956cf48577,542.00,0.0,248481.47
,682,30/03/2024,30/03/2024,-,UPI/409088182765/UPI/paytm-8796946@p/Yes Bank Ltd/,5.00,0.0,248476.47
,683,31/03/2024,31/03/2024,-,UPI/445795232737/UPI/niladridas970-1/Bank of Baroda/ICI6419f233dbbf43b28fc74ce0,0.0,275.00,248751.47
,684,31/03/2024,31/03/2024,-,UPI/445720336644/Payment from ,300.00,0.0,248451.47
,,,,,Ph/Q820825778@ybl/Yes Bank Ltd/IBL8258350b282c45c,,,
,685,31/03/2024,31/03/2024,-,UPI/409195902074/Payment from Ph/paytm-8796946@p/Yes Bank Ltd/PYTM4033124952914,100.00,0.0,248351.47
,686,01/04/2024,02/04/2024,-,UPI/409242939351/Payment from Ph/8100594737@okbi/Axis Bank Ltd./IBL17eb6522fc94,170.00,0.0,248181.47
,687,01/04/2024,02/04/2024,-,UPI/445820604705/Paid Via Elemen/growwnbt.elemen/ICICI Bank/GPG2024040154874651,30000.00,0.0,218181.47
,688,01/04/2024,02/04/2024,-,UPI/445805156077/Payment from Ph/Q379118897@ybl/Yes Bank Ltd/IBL6c56a8462d9e41e,40.00,0.0,218141.47
,689,01/04/2024,02/04/2024,-,UPI/445827316752/Payment from Ph/Q547344612@ybl/Yes Bank Ltd/IBL8c831721b4b4456,90.00,0.0,218051.47
,690,02/04/2024,02/04/2024,-,Dr Tran For Funding iWish A/c 110324001193        ,3728.00,0.0,214323.47
,691,02/04/2024,02/04/2024,-,UPI/409354896659/Payment from Ph/rc0555887@okaxi/Indian Overseas/IBL555d35aa4ab,170.00,0.0,214153.47
,692,02/04/2024,02/04/2024,-,UPI/445925355466/Payment from Ph/Q471077872@ybl/Yes Bank Ltd/IBL221bd2c071d445b,110.00,0.0,214043.47
,693,02/04/2024,02/04/2024,-,UPI/445993121385/Payment from Ph/8918527074@ybl/Indian Bank/YBL225cd280d4444f9f,0.0,55.00,214098.47
,694,02/04/2024,02/04/2024,-,UPI/409399980632/UPI/sounak.9383-9@w/State Bank Of I/AXISWC8A3A56EE82B3CA2ABB8F,0.0,400.00,214498.47
,695,02/04/2024,02/04/2024,-,UPI/409358945092/Generating DYNA/k677kfcmanicasa/HDFC BANK LTD/PINELABPOSDQR000,681.00,0.0,213817.47
,696,03/04/2024,03/04/2024,-,UPI/446029932256/Payment from Ph/Q212038215@ybl/Yes Bank Ltd/IBL27f33cf636e94c1,96.00,0.0,213721.47
,697,03/04/2024,03/04/2024,-,UPI/409412109518/Payment from Ph/Vyapar.16928200/HDFC BANK LTD/IBL23df9993657c4,108.00,0.0,213613.47
,698,03/04/2024,03/04/2024,-,UPI/446067077090/Payment from Ph/Q120698426@ybl/Yes Bank Ltd/IBLcf58cfd3a2904dc,60.00,0.0,213553.47
,699,04/04/2024,04/04/2024,-,UPI/409501075966/Payment from Ph/sayan217b@okhdf/INDUSIND BANK/IBL3ac2f489a1dc4,180.00,0.0,213373.47
,700,04/04/2024,04/04/2024,-,UPI/446123339847/Payment from Ph/Q547344612@ybl/Yes Bank Ltd/IBL02726f60f31f448,55.00,0.0,213318.47
,701,05/04/2024,05/04/2024,-,UPI/409606695368/UPI/praveshikanand@/Indian Bank/ICI8ed465f1da544a2f91df5521f92,180.00,0.0,213138.47
,702,05/04/2024,05/04/2024,-,UPI/409649765917/Indian Clearing/mutualfunds.ele/ICICI Bank/ICI43c650b7e31f4625,1000.00,0.0,212138.47
,703,05/04/2024,05/04/2024,-,UPI/409649766143/Indian Clearing/mutualfunds.ele/ICICI Bank/ICI71e0bbef16794126,4000.00,0.0,208138.47
,704,05/04/2024,05/04/2024,-,UPI/409649766243/Indian Clearing/mutualfunds.ele/ICICI Bank/ICIf526751fc2d945fe,10000.00,0.0,198138.47
,705,05/04/2024,05/04/2024,-,UPI/409649766196/Indian Clearing/mutualfunds.ele/ICICI Bank/ICI3fdcc383448c4dbf,10000.00,0.0,188138.47
,706,05/04/2024,05/04/2024,-,UPI/446244864997/Payment from Ph/Q471077872@ybl/Yes Bank Ltd/IBLed68d1c97f5a4c9,180.00,0.0,187958.47
,707,06/04/2024,06/04/2024,-,UPI/446309606094/Payment from Ph/BBPSBP@ybl/Yes Bank Ltd/IBL2dd261ab811c4c85886,590.00,0.0,187368.47
,708,06/04/2024,06/04/2024,-,UPI/446305044983/Sent from Paytm/amsouvik@paytm/Paytm Payments /PTM084263d75cc1,0.0,5000.00,192368.47
,709,06/04/2024,06/04/2024,-,UPI/446305067374/Sent from Paytm/amsouvik@paytm/Paytm Payments /PTMaa5c103d9183,0.0,346.00,192714.47
,710,06/04/2024,06/04/2024,-,CMS/ GROWW WITHDRAW REQ SOUVIK DEY/NEXTBILLION TE ,0.0,394.65,193109.12
,711,06/04/2024,06/04/2024,-,UPI/409772314702/UPIIntent/zomato4.payu@ic/ICICI Bank/PPPL195849605570604241455,776.08,0.0,192333.04
,712,07/04/2024,08/04/2024,-,UPI/446449758795/Payment from Ph/9874594442-2@yb/State Bank Of I/IBLfe4dfb55112,250.00,0.0,192083.04
,713,07/04/2024,08/04/2024,-,UPI/446422129995/Swiggy Order Id/swiggyupi@axisb/Axis Bank Ltd./AXISSDKV36dbf16,401.00,0.0,191682.04
,714,07/04/2024,08/04/2024,-,UPI/409829507240/UberRide/uberrides@hdfcb/HDFC BANK LTD/ICIe23ee6eaf9a943c3a281,452.32,0.0,191229.72
,715,07/04/2024,08/04/2024,-,UPI/446409014073/Payment from Ph/pritamsroy901@y/State Bank Of I/IBL79471178469,30.00,0.0,191199.72
,716,07/04/2024,08/04/2024,-,UPI/446453917337/Pay for Intent/swiggyupi@axb/Axis Bank Ltd./AXB6809a1f6bdec42a,413.00,0.0,190786.72
,717,07/04/2024,08/04/2024,-,UPI/409852040748/Payment from Ph/paytm-8796946@p/Yes Bank Ltd/PYTM4040725545216,10.00,0.0,190776.72
,718,07/04/2024,08/04/2024,-,UPI/409847075712/Payment from Ph/agnicbiswas@ybl/HSBC/IBL688a7dcab5db482aa7115f,2000.00,0.0,188776.72
,719,08/04/2024,08/04/2024,-,UPI/409955041421/Oid23323952388@/paytm-ptmbbp@pa/Yes Bank Ltd/PTM014e2993307c4e,430.00,0.0,188346.72
,720,08/04/2024,08/04/2024,-,UPI/409955099159/Oid23303527962@/paytm-ptmbbp@pa/Yes Bank Ltd/PTM1e887f6a92f74a,400.00,0.0,187946.72
,721,08/04/2024,08/04/2024,-,UPI/409974655187/PaymenttoROPPEN/rapido.rzp@icic/ICICI Bank/IBLef1be60636264dc6,159.00,0.0,187787.72
,722,08/04/2024,08/04/2024,-,UPI/409920305181/Payment from Ph/subodhsharma166/Bank of India/IBL4a24a7782ecf4,270.00,0.0,187517.72
,723,08/04/2024,08/04/2024,-,UPI/409915247657/Paid via CRED/upiswiggy@icici/ICICI Bank/ACD01HTYHSHNZPKK8TB1G,310.00,0.0,187207.72
,724,08/04/2024,08/04/2024,-,MMT/IMPS/409919885747/PaidviaCRED/DREAMPLUGP/Axis ,0.0,10000.00,197207.72
,725,08/04/2024,08/04/2024,-,UPI/446560806585/Payment from Ph/mazumdersaradin/ICICI Bank/IBL9646a43b45124460,10000.00,0.0,187207.72
,726,09/04/2024,09/04/2024,-,UPI/446622860677/Paid via CRED/upiswiggy@icici/ICICI Bank/ACD01HV14GMQQPRZS271P,182.00,0.0,187025.72
,727,09/04/2024,09/04/2024,-,UPI/446669389501/Paid Via Elemen/growwnbt.elemen/ICICI Bank/GPG2024040974445712,30000.00,0.0,157025.72
,728,09/04/2024,09/04/2024,-,UPI/446677153148/Paid Via Elemen/growwnbt.elemen/ICICI Bank/GPG2024040981048248,35000.00,0.0,122025.72
,729,09/04/2024,09/04/2024,-,UPI/446617428079/Payment from Ph/Q593564040@ybl/Yes Bank Ltd/IBL1329cbce45104e6,275.00,0.0,121750.72
,730,09/04/2024,09/04/2024,-,UPI/410040765382/Payment from Ph/paytm-8796946@p/Yes Bank Ltd/PYTM4040926209327,5.00,0.0,121745.72
,731,09/04/2024,10/04/2024,-,UPI/410068756569/UPI Payment/amsouvik@dbs//ICI963a,2000.00,0.0,119745.72
,732,10/04/2024,10/04/2024,-,UPI/446742580752/punjabi/sayanpappu12345/ICICI Bank/ICIdff565048ccb4105b767aac2,0.0,2874.00,122619.72
,733,10/04/2024,10/04/2024,-,UPI/446766513324/Oid23324718514@/ptmppi@paytm/Yes Bank Ltd/PTMac9555cba7ad41dda,69351.06,0.0,53268.66
,734,10/04/2024,10/04/2024,-,UPI/446766563099/Oid23326218985@/ptmppi@paytm/Yes Bank Ltd/PTMcc51d02f3845434fb,2772.00,0.0,50496.66
,735,10/04/2024,10/04/2024,-,UPI/446766786692/Oid23340512771@/ptmppi@paytm/Yes Bank Ltd/PTM75bced5fdd3d4436a,2801.66,0.0,47695.00
,736,10/04/2024,10/04/2024,-,UPI/410162472755/PayviaRazorpay/zomatoindia@ici/ICICI Bank/IBL4173b14f51b948998,425.10,0.0,47269.90
,737,11/04/2024,11/04/2024,-,UPI/410249411251/Payment from Ph/arijitsen879-4@/Kotak Mahindra /IBLb6a2a00aa3e,174.00,0.0,47095.90
,738,11/04/2024,11/04/2024,-,UPI/410240632593/UPI/bagchidipak54-1/State Bank Of I/SBI5fa9354799c743e89ed2515,0.0,7000.00,54095.90
,739,11/04/2024,11/04/2024,-,UPI/446846789921/Payment from Ph/Q471077872@ybl/Yes Bank Ltd/IBLde8988b84ec14c3,90.00,0.0,54005.90
,740,11/04/2024,11/04/2024,-,UPI/446827666962/Payment from Ph/Q379118897@ybl/Yes Bank Ltd/IBL2efeb0e61b27495,10.00,0.0,53995.90
,741,11/04/2024,11/04/2024,-,UPI/410262696309/Send Payment/amzn0030136686@/Punjab National/IBLe4e6ec0cd92246,180.00,0.0,53815.90
,742,11/04/2024,11/04/2024,-,UPI/410265542013/UPI/dominospizzaonl/Yes Bank Ltd/,422.00,0.0,53393.90
,743,12/04/2024,12/04/2024,-,UPI/446938745876/Payment from Ph/Q212038215@ybl/Yes Bank Ltd/IBLb933618115254c6,95.00,0.0,53298.90
,744,12/04/2024,12/04/2024,-,UPI/410376269062/Payment from Ph/sabirshotel.680/HDFC BANK LTD/IBLd312f1ce21194,629.00,0.0,52669.90
,745,13/04/2024,13/04/2024,-,UPI/410440884346/Payment from Ph/paytm-8796946@p/Yes Bank Ltd/PYTM4041380542972,10.00,0.0,52659.90
,746,14/04/2024,15/04/2024,-,UPI/410523010647/Payment from Ph/paytmqrng9i92jo/Yes Bank Ltd/IBL5755721669f648,310.00,0.0,52349.90
,747,14/04/2024,15/04/2024,-,UPI/447112805059/Payment from Ph/Q176214143@ybl/Yes Bank Ltd/IBLe7a17e399c1c4d0,70.00,0.0,52279.90
,748,14/04/2024,15/04/2024,-,UPI/410552060946/Collect from am/sbimops@sbi/State Bank Of I/SBI75BF274484284FC,100.00,0.0,52179.90
,749,14/04/2024,15/04/2024,-,UPI/410509491449/Pay to BharatPe/BHARATPE.900677/Federal Bank/IBL319eaa6ab25c46,100.00,0.0,52079.90
,750,14/04/2024,15/04/2024,-,UPI/410554110110/Payment from Ph/paytm-8796946@p/Yes Bank Ltd/PYTM4041480632757,5.00,0.0,52074.90
,751,15/04/2024,15/04/2024,-,UPI/447248915428/Payment from Ph/akramuf6@ybl/State Bank Of I/IBL563730fe95bc4e,180.00,0.0,51894.90
,752,15/04/2024,15/04/2024,-,INF/IWISH CONTRIBUTION                            ,3728.00,0.0,48166.90
,753,15/04/2024,15/04/2024,-,INF/IWISH CONTRIBUTION                            ,29886.00,0.0,18280.90
,754,15/04/2024,15/04/2024,-,UPI/447277241773/Payment from Ph/Q668615817@ybl/Yes Bank Ltd/IBL0396894db67a4c3,20.00,0.0,18260.90
,755,15/04/2024,15/04/2024,-,UPI/447298498717/Payment from Ph/Q542806121@ybl/Yes Bank Ltd/IBL655149eb8373490,85.00,0.0,18175.90
,756,15/04/2024,15/04/2024,-,UPI/447214781463/Payment from Ph/Q379118897@ybl/Yes Bank Ltd/IBLa1c535c7b3544d3,34.00,0.0,18141.90
,757,15/04/2024,15/04/2024,-,UPI/447284140051/Payment from Ph/Q180468267@ybl/Yes Bank Ltd/IBLf15cc7a53b03462,24.00,0.0,18117.90
,758,15/04/2024,15/04/2024,-,UPI/447232981915/Payment from Ph/Q433589139@ybl/Yes Bank Ltd/IBL989abf03655442f,20.00,0.0,18097.90
,759,16/04/2024,16/04/2024,-,UPI/447333841011/Payment from Ph/Q391172550@ybl/State Bank Of I/IBL5b92d888a585,95.00,0.0,18002.90
,760,16/04/2024,16/04/2024,-,UPI/447314372246/UPI/8276910391@ybl/State Bank Of I/ICI5d16de06530d41d2989b7d7e,1300.00,0.0,16702.90
,761,16/04/2024,16/04/2024,-,UPI/410764664418/PayviaRazorpay/swiggy.rzp@axis/Axis Bank Ltd./ACD01HVKVJZD292E,693.00,0.0,16009.90
,762,17/04/2024,17/04/2024,-,UPI/447459445589/Payment from Ph/6291786946@ibl/ARUNACHAL PRADE/IBL7a3668d181a7,200.00,0.0,15809.90
,763,17/04/2024,17/04/2024,-,UPI/447433466327/Payment from Ph/Q269565666@ybl/Yes Bank Ltd/IBLfa35692942844a1,200.00,0.0,15609.90
,764,17/04/2024,17/04/2024,-,UPI/447482155455/Payment from Ph/Q668615817@ybl/Yes Bank Ltd/IBL2fbe31f764aa4e7,20.00,0.0,15589.90
,765,17/04/2024,17/04/2024,-,UPI/447444582302/Payment from Ph/8918527074@axl/Indian Bank/AXL943b3daf6abb430f,0.0,60.00,15649.90
,766,17/04/2024,17/04/2024,-,UPI/410896585160/Payment from Ph/k677kfcmanicasa/HDFC BANK LTD/PINELABPOSDQR000,1108.00,0.0,14541.90
,767,17/04/2024,17/04/2024,-,UPI/410819337116/UberRide/uberrides@hdfcb/HDFC BANK LTD/ICIb23cac8ba2704bc2baf1,122.69,0.0,14419.21
,768,17/04/2024,17/04/2024,-,UPI/447486538140/UPI/sahidanowarmond/ICICI Bank/ICI5d6028d516634dfd80e58b6139cd,1108.00,0.0,13311.21
,769,17/04/2024,17/04/2024,-,UPI/447400646359/Payment from Ph/9831478107@ibl/Bank of Maharas/IBLbab50e31d2c5,10.00,0.0,13301.21
,770,17/04/2024,17/04/2024,-,UPI/410887630951/REFUND/k677kfcmanicasa/HDFC BANK LTD/HDF4728C674F02C42C089FDEA,0.0,1108.00,14409.21
,771,18/04/2024,18/04/2024,-,UPI/410999829841/Indian Clearing/mutualfunds.ele/ICICI Bank/ICI0b2383bba7584329,1000.00,0.0,13409.21
,772,18/04/2024,18/04/2024,-,UPI/447570084164/Payment from Ph/Q391172550@ybl/State Bank Of I/IBLe6818e8c44ac,95.00,0.0,13314.21
,773,19/04/2024,19/04/2024,-,UPI/411051028643/PaymenttoROPPEN/rapido.rzp@icic/ICICI Bank/IBL9fa1b8ea1f87426f,206.00,0.0,13108.21
,774,19/04/2024,19/04/2024,-,UPI/411023211044/UPI/rounokdasrkd@ok/State Bank Of I/ICI3ff3664e17804499a47c43b,135.00,0.0,12973.21
,775,19/04/2024,19/04/2024,-,UPI/447612599041/Payment from Ph/Q463717299@ybl/Yes Bank Ltd/IBLdc09742c740b457,20.00,0.0,12953.21
,776,19/04/2024,19/04/2024,-,UPI/447608091917/Payment from Ph/Q668615817@ybl/Yes Bank Ltd/IBL753fdab7b3c74be,35.00,0.0,12918.21
,777,19/04/2024,19/04/2024,-,UPI/411000716884/UPI/msayak1269-1@ok/State Bank Of I/ICI247011ce62084276ba24086,35.00,0.0,12883.21
,778,19/04/2024,19/04/2024,-,UPI/447677901691/Payment from Ph/Q180468267@ybl/Yes Bank Ltd/IBL164dbc351d064c6,24.00,0.0,12859.21
,779,19/04/2024,19/04/2024,-,UPI/447695998480/Payment from Ph/Q400547150@ybl/Yes Bank Ltd/IBLed8bdb706e8046b,24.00,0.0,12835.21
,780,19/04/2024,19/04/2024,-,UPI/411081359998/R02 PhonePe Rev/phonepemerchant/Yes Bank Ltd/YESB15F69BFC1EF81,0.0,24.00,12859.21
,781,19/04/2024,19/04/2024,-,UPI/411000426671/Payment from Ph/paytm-8796946@p/Yes Bank Ltd/PYTM4041980623328,10.00,0.0,12849.21
,782,20/04/2024,20/04/2024,-,UPI/411101437459/UPI/sayanpappu12345/ICICI Bank/ICI53cee70cca2841f3ba4cf272b3fb,130.00,0.0,12719.21
,783,20/04/2024,20/04/2024,-,UPI/447795783173/Paid via CRED/upiswiggy@icici/ICICI Bank/ACD01HVVZBH0DDH9J0TT5,425.00,0.0,12294.21
,784,20/04/2024,20/04/2024,-,UPI/411119957064/Payment from Ph/paytm-8796946@p/Yes Bank Ltd/PYTM4042080561836,10.00,0.0,12284.21
,785,20/04/2024,20/04/2024,-,UPI/411177031427/Payment from Ph/gpay-1124384274/Axis Bank Ltd./IBLae73f44301f9,200.00,0.0,12084.21
,786,21/04/2024,22/04/2024,-,UPI/447881989198/Payment from Ph/Q208455504@ybl/Airtel Payments/IBL598297d18ef3,61.00,0.0,12023.21
,787,21/04/2024,22/04/2024,-,UPI/447876471985/Payment from Ph/Q659412277@ybl/Yes Bank Ltd/IBL8ae441e1b9514fc,35.00,0.0,11988.21
,788,21/04/2024,22/04/2024,-,UPI/411298064005/Payment from Ph/paytm-76336707@/Yes Bank Ltd/IBLdb3aa82e452845,2126.00,0.0,9862.21
,789,21/04/2024,22/04/2024,-,UPI/411212102165/Payment from Ph/8584825335@payt/Bank of India/IBLbd822e2e1a034,125.00,0.0,9737.21
,790,22/04/2024,22/04/2024,-,NEFT-CITIN24455726504-PAYPAL PAYMENTS PL INR FBO CUR AC-PPR-MISC-BZYPD3368J-052,0.0,1.11,9738.32
,791,22/04/2024,22/04/2024,-,NEFT-CITIN24455727784-PAYPAL PAYMENTS PL INR FBO CUR AC-PPR-MISC-BZYPD3368J-052,0.0,1.09,9739.41
,792,22/04/2024,22/04/2024,-,UPI/447992227424/Payment from Ph/9875517113@ibl/State Bank Of I/IBL527bb5884434,180.00,0.0,9559.41
,793,22/04/2024,22/04/2024,-,UPI/411314637633/Indian Clearing/mutualfunds.ele/ICICI Bank/ICIa2caafcf8b344b34,3000.00,0.0,6559.41
,794,22/04/2024,22/04/2024,-,UPI/411391961568/UPI/btuhin909@oksbi/State Bank Of I/ICIfd626609e0e847ceabc9221,99.00,0.0,6460.41
,795,22/04/2024,22/04/2024,-,UPI/447943074454/Payment from Ph/Q668615817@ybl/Yes Bank Ltd/IBL5d7b6150ad91416,27.00,0.0,6433.41
,796,22/04/2024,22/04/2024,-,UPI/411332102904/Payment from Ph/SABIRSHOTEL.998/HDFC BANK LTD/IBL6f792e4c1a014,696.00,0.0,5737.41
,797,22/04/2024,22/04/2024,-,UPI/447938899889/Payment from Ph/Q066319414@ybl/Yes Bank Ltd/IBLb3ff66a179dc480,46.00,0.0,5691.41
,798,22/04/2024,22/04/2024,-,CMS/ GROWW WITHDRAW REQ SOUVIK DEY/NEXTBILLION TE ,0.0,2697.98,8389.39
,799,23/04/2024,23/04/2024,-,UPI/448021293307/UberRide/uberrides@hdfcb/HDFC BANK ,45.40,0.0,8343.99
,,,,,LTD/ICI5bdbd45d0b9e41f798b1,,,
,800,23/04/2024,23/04/2024,-,UPI/448096548478/Payment from Ph/Q668615817@ybl/Yes Bank Ltd/IBLa768436e4062451,68.00,0.0,8275.99
,801,23/04/2024,23/04/2024,-,UPI/411488889775/Payment from Ph/8391940263@okbi/Axis Bank Ltd./IBLb5cae61ff1be,30.00,0.0,8245.99
,802,23/04/2024,23/04/2024,-,UPI/448044884593/Payment from Ph/Q900023119@ybl/Yes Bank Ltd/IBL7c67935820174c9,185.00,0.0,8060.99
,803,23/04/2024,23/04/2024,-,UPI/448083305768/UberRide/uberrides@hdfcb/HDFC BANK LTD/ICIe1d6402646e641cebe5e,465.47,0.0,7595.52
,804,23/04/2024,23/04/2024,-,UPI/411452163749/Payment from Ph/paytm-8796946@p/Yes Bank Ltd/PYTM4042380607101,5.00,0.0,7590.52
,805,24/04/2024,24/04/2024,-,ACCT CLOSURE TRANSACTION                          ,0.0,7456.00,15046.52
,806,24/04/2024,24/04/2024,-,UPI/448101316853/Payment from Ph/Q066319414@ybl/Yes Bank Ltd/IBL61cd63b640924a1,10.00,0.0,15036.52
,807,24/04/2024,24/04/2024,-,UPI/448190103146/Payment from Ph/Q537207089@ybl/Yes Bank Ltd/IBL735475b5b55d4f1,2000.00,0.0,13036.52
,808,24/04/2024,24/04/2024,-,UPI/448102122877/Payment from Ph/Q218433412@ybl/State Bank Of I/IBL33810cb47790,400.00,0.0,12636.52
,809,24/04/2024,24/04/2024,-,UPI/411542864764/Payment from Ph/bajajpay.687972/INDUSIND BANK/IBL42e0cba0000a4,150.00,0.0,12486.52
,810,24/04/2024,24/04/2024,-,UPI/448185503531/Payment from Ph/Q537207089@ybl/Yes Bank Ltd/IBL0df415c64e654d8,7500.00,0.0,4986.52
,811,24/04/2024,24/04/2024,-,UPI/411563748094/Payment from Ph/paytmqrffylqa6e/Yes Bank Ltd/IBL1817dcb712484d,40.00,0.0,4946.52
,812,25/04/2024,25/04/2024,-,UPI/448275112091/Payment from Ph/Q391172550@ybl/State Bank Of I/IBL786de415f86d,95.00,0.0,4851.52
,813,25/04/2024,25/04/2024,-,UPI/448219128932/Payment from Ph/Q391172550@ybl/State Bank Of I/IBLc8267b9b5048,1.00,0.0,4850.52
,814,25/04/2024,25/04/2024,-,UPI/411688409075/Payment from Ph/paytm-8796946@p/Yes Bank Ltd/PYTM4042580539972,10.00,0.0,4840.52
,815,25/04/2024,25/04/2024,-,UPI/448215527963/Payment from Ph/Q448732399@ybl/Yes Bank Ltd/IBLd61b68b7c8e04fd,70.00,0.0,4770.52
,816,26/04/2024,26/04/2024,-,UPI/448362715324/NA/paytm-ptmbbp@pa/Yes Bank Ltd/P,730.00,0.0,4040.52
,817,26/04/2024,26/04/2024,-,UPI/411733955382/Payment from Ph/paytm-8796946@p/Yes Bank Ltd/PYTM4042680574754,10.00,0.0,4030.52
,818,26/04/2024,26/04/2024,-,UPI/448372807371/Payment from Ph/Q267411638@ybl/Yes Bank Ltd/IBL6b69f8aec98a421,200.00,0.0,3830.52
,819,26/04/2024,26/04/2024,-,UPI/448362008738/UPI/sayanpappu12345/ICICI Bank/ICIf391f4d41fe54913a34ef72d287d,415.00,0.0,3415.52
,820,27/04/2024,27/04/2024,-,UPI/411813990877/UPI/amsouvik@dbs/DBS Bank India /DBS202404271352323c8d94efd7c2,0.0,54018.00,57433.52
,821,27/04/2024,27/04/2024,-,BIL/000831771306/ICICI BANK CREDIT CA/524193395550,23512.43,0.0,33921.09
,822,27/04/2024,27/04/2024,-,UPI/448475835760/Pay for merchan/swiggy@yespay/Yes Bank Ltd/YJPc978426442ea48f1,332.00,0.0,33589.09
,823,27/04/2024,27/04/2024,-,UPI/411805918861/Payment from Ph/paytm-8796946@p/Yes Bank Ltd/PYTM4042780634159,10.00,0.0,33579.09
,824,28/04/2024,29/04/2024,-,UPI/411932569389/UPIIntent/blinkit.payu@hd/HDFC BANK LTD/PPPL197507511952804240,87.00,0.0,33492.09
,825,28/04/2024,29/04/2024,-,UPI/411956660354/Payment from Ph/ausky07@ybl/AU small Financ/IBLf0462e83c5b749c,150.00,0.0,33342.09
,826,28/04/2024,29/04/2024,-,UPI/411954200106/Paid via CRED/upiswiggy@icici/ICICI Bank/ACD01HWH781J4CGPCZ07Y,524.00,0.0,32818.09
,827,28/04/2024,29/04/2024,-,UPI/411947391788/Payment from Ph/paytm-8796946@p/Yes Bank Ltd/PYTM4042880568172,10.00,0.0,32808.09
,828,29/04/2024,29/04/2024,-,NEFT-IN1ON240429006SA-CLOUDKAPTAN CONSULTANCY ,0.0,162250.00,195058.09
,,,,,SERVICES PR-/ACC/SALARY APR 2024-,,,
,829,29/04/2024,29/04/2024,-,UPI/448632074771/Payment from Ph/soman78@ibl/State Bank Of I/IBLceb351883b684a1,0.0,200.00,195258.09
,830,29/04/2024,29/04/2024,-,UPI/448601093945/payment on CRED/credpay.swiggy@/Axis Bank Ltd./ACD2120327791Jd,773.00,0.0,194485.09
,831,30/04/2024,30/04/2024,-,UPI/448787145160/Payment from Ph/Q402574603@ybl/State Bank Of I/IBL900f9c427555,95.00,0.0,194390.09
,832,30/04/2024,30/04/2024,-,UPI/448782864314/Payment from Ph/mazumdersaradin/ICICI Bank/IBL9ed4168f985b486d,30000.00,0.0,164390.09
,833,30/04/2024,30/04/2024,-,UPI/448752652586/Payment from Ph/Q050962727@ybl/Yes Bank Ltd/IBLc4b75a78c27247f,60.00,0.0,164330.09
,834,30/04/2024,30/04/2024,-,UPI/412188028446/Payment from Ph/paytm-8796946@p/Yes Bank Ltd/PYTM4043080563850,10.00,0.0,164320.09
,835,30/04/2024,30/04/2024,-,UPI/448777731436/Payment from Ph/soman78@ybl/State Bank Of I/YBL28705931bb4248d,0.0,60.00,164380.09
,836,30/04/2024,30/04/2024,-,UPI/412137811311/Payment from Ph/madurgaenterpri/Indian Bank/IBL443260f92a1840b,440.00,0.0,163940.09
,837,01/05/2024,01/05/2024,-,UPI/412234043669/Payment from Ph/gpay-1124384274/Axis Bank Ltd./IBL63f85061dd87,380.00,0.0,163560.09
,838,01/05/2024,01/05/2024,-,UPI/412229276952/Monthly autopay/netflixupi.payu/HDFC BANK LTD/HDF171F25772E89E,199.00,0.0,163361.09
,839,01/05/2024,01/05/2024,-,UPI/448894153971/UPIIntent/zomatofd.payu@h/HDFC BANK LTD/PPPL197792181930105241,601.40,0.0,162759.69
,840,01/05/2024,01/05/2024,-,UPI/412269178360/Payment from Ph/paytm-8796946@p/Yes Bank Ltd/PYTM4050180514625,10.00,0.0,162749.69
,841,01/05/2024,01/05/2024,-,UPI/448854522907/UPI/mukherjeepuja22/Axis Bank Ltd./AXI343ad1466f1544d4b5315b02,0.0,1673.00,164422.69
,842,02/05/2024,02/05/2024,-,UPI/412308697123/UPI/dominospizzaonl/Yes Bank Ltd/,418.00,0.0,164004.69
,843,03/05/2024,03/05/2024,-,UPI/449019848111/Payment from Ph/Q391172550@ybl/State Bank Of I/IBL15f671e08b80,95.00,0.0,163909.69
,844,04/05/2024,04/05/2024,-,UPI/412567317379/NA/8744070@paytm/Yes Bank Ltd/PYT,667.00,0.0,163242.69
,845,04/05/2024,04/05/2024,-,UPI/412551780296/UPI/ubpersonal007@o/Punjab National/ICI057143b16e2d41ceb9b5c70,494.00,0.0,162748.69
,846,05/05/2024,06/05/2024,-,UPI/412644626874/Payment from Ph/paytm-8796946@p/Yes Bank Ltd/PYTM4050580574701,10.00,0.0,162738.69
,847,06/05/2024,06/05/2024,-,UPI/449362461291/Payment from Ph/BBPSBP@ybl/Yes Bank Ltd/IBLa7fb693d76184f0c826,590.00,0.0,162148.69
,848,06/05/2024,06/05/2024,-,UPI/412785094692/PayviaRazorpay/swiggyfoodsreh./Airtel Payments/ACD01HX5QKNJ0YP,583.00,0.0,161565.69
,849,06/05/2024,06/05/2024,-,UPI/412723490536/Website/9954072989@upi/State Bank Of I/UPIf83c27493587447387a7,0.0,2000.00,163565.69
,850,08/05/2024,08/05/2024,-,UPI/412981404463/collect-pay-req/yumresta.bd@ici/ICICI Bank/ICIa14227d0bf784875,457.96,0.0,163107.73
,851,08/05/2024,08/05/2024,-,UPI/449548158833/Payment from Ph/Q391172550@ybl/State Bank Of I/IBL3ac8fc8add22,40.00,0.0,163067.73
,852,08/05/2024,08/05/2024,-,UPI/449577777362/Payment from Ph/Q391172550@ybl/State Bank Of I/IBL1ef3f024e295,10.00,0.0,163057.73
,853,09/05/2024,09/05/2024,-,UPI/413098824973/Payment from Ph/paytm-8796946@p/Yes Bank Ltd/PYTM4050980249606,10.00,0.0,163047.73
,854,09/05/2024,10/05/2024,-,UPI/449607186827/Payment from Ph/8100493584@ybl/State Bank Of I/IBL4af9444345a4,20.00,0.0,163027.73
,855,10/05/2024,10/05/2024,-,UPI/449704138351/UPIIntent/blinkit.payu@hd/HDFC BANK LTD/PPPL198534922391005240,133.00,0.0,162894.73
,856,10/05/2024,10/05/2024,-,UPI/449738501021/Payment from Ph/Q066904646@ybl/Yes Bank Ltd/IBLa1e55b8565c84bb,2732.00,0.0,160162.73
,857,10/05/2024,10/05/2024,-,UPI/449764072303/Payment from Ph/Q122282090@ybl/Yes Bank Ltd/IBL5c7d183a654848c,175.00,0.0,159987.73
,858,10/05/2024,10/05/2024,-,UPI/413100990159/UPI/kumarsoman78@ok/State Bank Of I/SBI7515b478a288422d9e64bc7,0.0,60.00,160047.73
,859,10/05/2024,10/05/2024,-,UPI/413136506197/Payment from Ph/eazypay.0000059/ICICI Bank/IBL8b7002b0f37d4488,68.00,0.0,159979.73
,860,10/05/2024,10/05/2024,-,UPI/413197580403/Payment from Ph/paytm-8796946@p/Yes Bank Ltd/PYTM4051080639353,5.00,0.0,159974.73
,861,10/05/2024,11/05/2024,-,UPI/449713329036/Payment from Ph/Q323067703@ybl/Yes Bank Ltd/IBLf3798f16ef674fb,10.00,0.0,159964.73
,862,11/05/2024,11/05/2024,-,UPI/413204789415/Zomato Payment/zomato-order@pa/Yes Bank Ltd/PYTM40511804161839,559.40,0.0,159405.33
,863,11/05/2024,11/05/2024,-,UPI/413219701674/Payment from Ph/paytm-8796946@p/Yes Bank Ltd/PYTM4051180540664,10.00,0.0,159395.33
,864,11/05/2024,11/05/2024,-,UPI/413280853197/UPI/q71347996@ybl/Yes Bank Ltd/ICI360164bf551a4c4c9c7d9dc8d54c,1200.00,0.0,158195.33
,865,11/05/2024,11/05/2024,-,UPI/449810750345/UPI/sayanpappu12345/ICICI Bank/ICIdf5ea13cbba34548b98b0b916a8d,0.0,400.00,158595.33
,866,11/05/2024,11/05/2024,-,UPI/449886476028/Payment from Ph/Q849686486@ybl/Bank of India/IBL8c2f41d9abaf4a,20.00,0.0,158575.33
,867,11/05/2024,11/05/2024,-,UPI/413241665706/Pay To RAA ARSA/BHARATPE9077200/Yes Bank Ltd/IBL1eb012adbd2741,40.00,0.0,158535.33
,868,12/05/2024,13/05/2024,-,UPI/413356405080/Payment from Ph/paytm-8796946@p/Yes Bank Ltd/PYTM4051280015550,5.00,0.0,158530.33
,869,12/05/2024,13/05/2024,-,UPI/449914455225/Payment from Ph/Q323067703@ybl/Yes Bank Ltd/IBL9a7d643ef1cc495,10.00,0.0,158520.33
,870,12/05/2024,13/05/2024,-,UPI/449912811452/Payment from Ph/mazumdersaradin/ICICI Bank/IBL08565fde6f034ebc,1000.00,0.0,157520.33
,871,12/05/2024,13/05/2024,-,UPI/413317281073/express/paytm-8796946@p/Yes Bank Ltd/PTM56b66a80a1c94a23987eb7,0.0,5.00,157525.33
,872,12/05/2024,13/05/2024,-,UPI/449951716137/Zomato Payment/zomato-order@pa/Yes Bank Ltd/PYTM40512803765961,323.85,0.0,157201.48
,873,12/05/2024,13/05/2024,-,UPI/449936115960/Payment from Ph/7478634801@ibl/Canara Bank/IBLc82ed9c7fd724c85,150.00,0.0,157051.48
,874,13/05/2024,13/05/2024,-,UPI/450043251274/Cinema tickets/mazumdersaradin/ICICI Bank/IBL07dd3ce346f94e0ea,0.0,250.00,157301.48
,875,13/05/2024,13/05/2024,-,UPI/450030899302/Payment from Ph/7797531idbi@axl/IDBI Bank Limit/AXL3d8e0e29e46,0.0,7000.00,164301.48
,876,13/05/2024,13/05/2024,-,UPI/450097808239/Payment from Ph/Q538600830@ybl/Yes Bank Ltd/IBL64e4be73a78642b,560.00,0.0,163741.48
,877,13/05/2024,13/05/2024,-,UPI/413464291551/Payment from Ph/paytm-8796946@p/Yes Bank Ltd/PYTM4051380623429,5.00,0.0,163736.48
,878,15/05/2024,15/05/2024,-,INF/IWISH CONTRIBUTION                            ,29886.00,0.0,133850.48
,879,15/05/2024,15/05/2024,-,UPI/413608316215/collect-pay-req/yumresta.bd@ici/ICICI Bank/ICI8ee2e2339a334179,457.96,0.0,133392.52
,880,15/05/2024,15/05/2024,-,INF/IWISH CONTRIBUTION                            ,3728.00,0.0,129664.52
,881,16/05/2024,16/05/2024,-,UPI/413750294033/NA/paytm-ptmbbp@pa/Yes Bank Ltd/P,1220.00,0.0,128444.52
,882,16/05/2024,16/05/2024,-,UPI/413750349488/NA/paytm-ptmbbp@pa/Yes Bank Ltd/P,550.00,0.0,127894.52
,883,17/05/2024,17/05/2024,-,UPI/450473316637/Payment from Ph/Q270205058@ybl/Yes Bank Ltd/IBL0978639445a747f,95.00,0.0,127799.52
,884,17/05/2024,17/05/2024,-,UPI/413839115171/Paid Via Elemen/growwnbt.elemen/ICICI Bank/GPG2024051755888074,25000.00,0.0,102799.52
,885,17/05/2024,17/05/2024,-,UPI/413872966559/Paid Via Elemen/growwnbt.elemen/ICICI Bank/GPG2024051720018172,5000.00,0.0,97799.52
,886,17/05/2024,17/05/2024,-,UPI/413873723105/Payment from Ph/paytm-8796946@p/Yes Bank ,10.00,0.0,97789.52
,,,,,Ltd/PYTM4051780536630,,,
,887,17/05/2024,17/05/2024,-,UPI/450469384346/Payment from Ph/9337127386@ybl/State Bank Of I/IBLf7cb2d8f5667,10.00,0.0,97779.52
,888,18/05/2024,18/05/2024,-,UPI/413968458566/UPI/bickysaeed@okhd/Bank of Baroda/HDFc900754c98c0446e9026b26d,0.0,34000.00,131779.52
,889,18/05/2024,18/05/2024,-,UPI/450586245545/Payment from Ph/Q964846144@ybl/Yes Bank Ltd/IBL307f5be966d64b6,6.00,0.0,131773.52
,890,18/05/2024,18/05/2024,-,UPI/450528432150/Payment from Ph/Q36758922@ybl/Yes Bank Ltd/IBLfa273cc93da04726,30.00,0.0,131743.52
,891,19/05/2024,20/05/2024,-,UPI/414027827654/UPI/bossayan247@okh/Bank of India/ICIce5a99a3a0f64ebfabbe4cd9a,1100.00,0.0,130643.52
,892,19/05/2024,20/05/2024,-,UPI/414082418198/Payment from Ph/subratabarik7@o/State Bank Of I/IBL9336f994481,140.00,0.0,130503.52
,893,19/05/2024,20/05/2024,-,UPI/414057898835/Payment from Ph/paytm-8796946@p/Yes Bank Ltd/PYTM4051980617362,5.00,0.0,130498.52
,894,19/05/2024,20/05/2024,-,UPI/414033992920/UPI/bossayan247@okh/Bank of India/HDFd7b7ad35d96a45c0b65ad36f4,0.0,350.00,130848.52
,895,19/05/2024,20/05/2024,-,UPI/414058474992/Payment from Ph/gpay-1124384274/Axis Bank Ltd./IBL479c90131257,200.00,0.0,130648.52
,896,20/05/2024,20/05/2024,-,UPI/414119087830/Liquideonesubsc/liquidesolution/ICICI Bank/IBLb9665ac74fc342a7,4499.00,0.0,126149.52
,897,21/05/2024,21/05/2024,-,UPI/450872045130/payment on CRED/credpay.swiggy@/Axis Bank Ltd./ACD2185400699Lz,450.00,0.0,125699.52
,898,21/05/2024,21/05/2024,-,UPI/414229074749/credUser/credpay@icici/ICICI Bank/ICICIV25C0pg7bzTwHoKnZNawGXF,0.0,450.00,126149.52
,899,21/05/2024,21/05/2024,-,UPI/414261906298/Paid Via Elemen/growwnbt.elemen/ICICI Bank/GPG2024052107490218,40000.00,0.0,86149.52
,900,21/05/2024,21/05/2024,-,UPI/414220839687/Paid Via Elemen/growwnbt.elemen/ICICI Bank/GPG2024052125720862,60000.00,0.0,26149.52
,901,21/05/2024,21/05/2024,-,UPI/414230102644/Indian Clearing/mutualfunds.ele/ICICI Bank/ICIc754ae6ded7241ef,3000.00,0.0,23149.52
,902,21/05/2024,21/05/2024,-,UPI/450868463730/payment on CRED/credpay.swiggy@/Axis Bank Ltd./ACD2186163367Ll,430.00,0.0,22719.52
,903,22/05/2024,22/05/2024,-,UPI/450989239219/Payment from Ph/Q259963553@ybl/State Bank Of I/IBLcc9f1d92be24,95.00,0.0,22624.52
,904,22/05/2024,22/05/2024,-,UPI/414331246875/Paid Via Elemen/growwnbt.elemen/ICICI Bank/GPG2024052205816992,10000.00,0.0,12624.52
,905,22/05/2024,22/05/2024,-,UPI/414335175742/UPI Payment/amsouvik@dbs//ICI4de4,6000.00,0.0,6624.52
,906,22/05/2024,22/05/2024,-,UPI/414389834382/UPIIntent/naukri.payu@hdf/HDFC BANK LTD/PPPL199528177242205241,4422.00,0.0,2202.52
,907,24/05/2024,24/05/2024,-,ACCT CLOSURE TRANSACTION                          ,0.0,149861.00,152063.52
,908,24/05/2024,24/05/2024,-,UPI/451143611444/Payment from Ph/Q270205058@ybl/Yes Bank Ltd/IBL79bb2761abeb420,60.00,0.0,152003.52
,909,24/05/2024,24/05/2024,-,UPI/414511173208/UPI/dominospizzaonl/Yes Bank Ltd/,493.00,0.0,151510.52
,910,24/05/2024,24/05/2024,-,NEFT-P145240324678229-SEPHIRAH INNOVATIONS--254920,0.0,8000.00,159510.52
,911,24/05/2024,24/05/2024,-,UPI/414552220277/Payment from Ph/paytm-8796946@p/Yes Bank Ltd/PYTM4052480540019,10.00,0.0,159500.52
,912,25/05/2024,25/05/2024,-,UPI/414636236145/PaymenttoROPPEN/rapido.rzp@icic/ICICI Bank/IBL43a9fddc97d842ca,73.00,0.0,159427.52
,913,25/05/2024,25/05/2024,-,UPI/414677643098/Payment from Ph/6291441041@okbi/Axis Bank Ltd./IBL3f05ec35deb6,3975.00,0.0,155452.52
,914,25/05/2024,25/05/2024,-,UPI/451263633429/UPI/sayanpappu12345/ICICI Bank/ICI78fabe5c6a2d483d9f3c9c255882,0.0,1300.00,156752.52
,915,25/05/2024,25/05/2024,-,UPI/451249353134/Payment from Ph/shawram7@ibl/Bank of Baroda/IBLee6c607170e8415,90.00,0.0,156662.52
,916,26/05/2024,27/05/2024,-,UPI/414755339774/Payment from Ph/paytm-8796946@p/Yes Bank Ltd/PYTM4052680280570,10.00,0.0,156652.52
,917,26/05/2024,27/05/2024,-,UPI/414728654673/Payment from Ph/sr6290950813@ok/Kotak Mahindra /IBLfe1e5966549,305.00,0.0,156347.52
,918,26/05/2024,27/05/2024,-,UPI/451384572619/Payment from Ph/9883067684@axl/State Bank Of I/IBL756eb0b25772,1300.00,0.0,155047.52
,919,26/05/2024,27/05/2024,-,UPI/451308139825/Payment from Ph/Q515348909@ybl/Yes Bank Ltd/IBLd3f54230776940d,734.00,0.0,154313.52
,920,26/05/2024,27/05/2024,-,UPI/451329185680/Payment from Ph/9931408177@ybl/Bank of India/IBLaa541cb0b2d74b,400.00,0.0,153913.52
,921,26/05/2024,27/05/2024,-,UPI/414798790482/Payment from Ph/7980655948@axl/Karur Vysya Ban/IBL0e82f09c4467,150.00,0.0,153763.52
,922,26/05/2024,27/05/2024,-,UPI/451314178853/Zomato Payment/zomato-order@pa/Yes Bank Ltd/PYTM40526805792380,664.82,0.0,153098.70
,923,27/05/2024,27/05/2024,-,UPI/414861259325/Payment from Ph/paytm-8796946@p/Yes Bank Ltd/PYTM4052780533449,10.00,0.0,153088.70
,924,28/05/2024,28/05/2024,-,UPI/451538432792/UPIIntent/zolostaysproper/Airtel Payments/PPPL1999630617428052,235.00,0.0,152853.70
,925,28/05/2024,28/05/2024,-,UPI/414917552581/PAYMENT/nsdl1paytm@hdfc/HDFC BANK LTD/HDF3533E450469D42678EDD1,8.26,0.0,152845.44
,926,29/05/2024,29/05/2024,-,UPI/415063303211/collect-pay-req/yumresta.bd@ici/ICICI Bank/ICId1d48c2571834526,433.96,0.0,152411.48
,927,29/05/2024,29/05/2024,-,UPI/415063321901/collect-pay-req/yumresta.bd@ici/ICICI Bank/ICId7a4d1d8f8bc4264,433.96,0.0,151977.52
,928,29/05/2024,29/05/2024,-,UPI/415025215850/Payment from Ph/rinkukhan123123/Union Bank of I/IBL6f777f8eac0,70.00,0.0,151907.52
,929,29/05/2024,29/05/2024,-,UPI/415090353930/Payment from Ph/paytm-8796946@p/Yes Bank Ltd/PYTM4052980625052,5.00,0.0,151902.52
,930,29/05/2024,29/05/2024,-,UPI/415011858280/Payment from Ph/paytm-8727353@p/Yes Bank Ltd/PYTM4052980625878,100.00,0.0,151802.52
,931,30/05/2024,30/05/2024,-,UPI/415132879779/Payment from Ph/paytmqrr0y38r2b/Yes Bank Ltd/IBL0c137158152a4d,5003.00,0.0,146799.52
,932,30/05/2024,31/05/2024,-,UPI/415135591651/Payment from Ph/paytmqr1jn7y0py/Yes Bank Ltd/IBLcda7a97fc98747,210.00,0.0,146589.52
,933,31/05/2024,31/05/2024,-,UPI/415240642394/Payment from Ph/khalsarestauran/HDFC BANK LTD/IBL506240f728bb4,518.00,0.0,146071.52
,934,31/05/2024,31/05/2024,-,UPI/451814484179/UPI/s.ghosh4224@oks/State Bank Of I/ICI9ba1032788474527ad0a0dd,800.00,0.0,145271.52
,935,31/05/2024,31/05/2024,-,UPI/415228272508/Monthly autopay/netflixupi.payu/HDFC BANK LTD/HDF19A3A873B389A,199.00,0.0,145072.52
,936,01/06/2024,01/06/2024,-,UPI/415063303211/collect-pay-req/yumresta.bd@ici/ICICI Bank/ICId1d48c2571834526,0.0,433.96,145506.48
,937,01/06/2024,01/06/2024,-,UPI/415339564323/Paid via CRED/payzomato@hdfcb/HDFC BANK LTD/ACD01HZAA8E8XKSQM6,687.25,0.0,144819.23
,938,02/06/2024,03/06/2024,-,UPI/452091108233/UPI/sayanpappu12345/ICICI Bank/ICI2976e44e8ded44c89dbf10f60189,0.0,1300.00,146119.23
,939,03/06/2024,03/06/2024,-,UPI/452122772541/Payment from Ph/9804393336vij@a/State Bank Of I/IBL290069d4952,180.00,0.0,145939.23
,940,03/06/2024,03/06/2024,-,UPI/415584712510/Indian Clearing/mutualfunds.ele/ICICI Bank/ICIec33fd35249d4848,3000.00,0.0,142939.23
,941,04/06/2024,04/06/2024,-,UPI/415626742391/Paid by Groww P/growwnbt1@yesg/Yes Bank Ltd/YJP240604084341YXF,30000.00,0.0,112939.23
,942,04/06/2024,04/06/2024,-,UPI/415619770679/Paid by Groww P/growwnbt1@yesg/Yes Bank Ltd/YJP240604084517O9V,60000.00,0.0,52939.23
,943,04/06/2024,04/06/2024,-,UPI/415654002653/Payment from Ph/gpay-1124384274/Axis Bank Ltd./IBL3abd5a07f88e,420.00,0.0,52519.23
,944,05/06/2024,05/06/2024,-,UPI/452373246332/Payment from Ph/BBPSBP@axl/Axis Bank Ltd./IBL9d988676d3f04c32b,590.00,0.0,51929.23
,945,05/06/2024,05/06/2024,-,UPI/452295029133/Indian Clearing/mutualfunds.ele/ICICI Bank/ICIa90721f7b8e74e8b,1000.00,0.0,50929.23
,946,05/06/2024,05/06/2024,-,UPI/415795030091/Indian Clearing/mutualfunds.ele/ICICI Bank/ICIb510e6021202482c,10000.00,0.0,40929.23
,947,05/06/2024,05/06/2024,-,UPI/415795031085/Indian Clearing/mutualfunds.ele/ICICI Bank/ICI1f95648a32ef470e,15000.00,0.0,25929.23
,948,05/06/2024,05/06/2024,-,UPI/415795031667/Indian Clearing/mutualfunds.ele/ICICI Bank/ICI69290621903f441f,1000.00,0.0,24929.23
,949,05/06/2024,05/06/2024,-,UPI/415796951250/collect-pay-req/yumresta.bd@ici/ICICI Bank/ICIf2beace7559e4074,517.96,0.0,24411.27
,950,05/06/2024,05/06/2024,-,UPI/415732655897/UPI/paytm-14790230@/Yes Bank Ltd/,517.96,0.0,23893.31
,951,05/06/2024,05/06/2024,-,UPI/415789891753/Payment from Ph/rapido.rzp@icic/ICICI Bank/IBL42a49c5b13ab49fb,143.00,0.0,23750.31
,952,06/06/2024,06/06/2024,792,CLG/SOUVIK DEY/HDF                                ,11000.00,0.0,12750.31
,953,06/06/2024,06/06/2024,-,ACCT CLOSURE TRANSACTION                          ,0.0,3734.00,16484.31
,954,06/06/2024,06/06/2024,-,UPI/415852981906/Payment from Ph/Vyapar.16948062/HDFC BANK LTD/IBL1c50d5d1cb154,7920.00,0.0,8564.31
,955,06/06/2024,06/06/2024,-,UPI/452421121784/Payment from Ph/Q024683984@ybl/Yes Bank Ltd/IBLee5e9ec864974d2,70.00,0.0,8494.31
,956,06/06/2024,06/06/2024,-,UPI/452463674456/Payment from Ph/9647948781@ibl/State Bank Of I/IBLab4746d843ee,1750.00,0.0,6744.31
,957,06/06/2024,06/06/2024,-,UPI/452405801701/Payment from Ph/prajapatisuraj8/State Bank Of I/IBL4448f354261,160.00,0.0,6584.31
,958,06/06/2024,06/06/2024,-,CMS/ GROWW WITHDRAW REQ SOUVIK DEY/NEXTBILLION TE ,0.0,52975.65,59559.96
,959,06/06/2024,06/06/2024,-,UPI/452474221892/UPI/ubpersonal007@o/Punjab National/ICIad67e58644ad47ba90df67d,360.00,0.0,59199.96
,960,06/06/2024,06/06/2024,-,UPI/415859081555/Payment from Ph/paytmqr1jn7y0py/Yes Bank Ltd/IBLe7be0d11b31541,80.00,0.0,59119.96
,961,07/06/2024,07/06/2024,-,UPI/452537728447/Payment from Ph/8910136492@axl/Bank of Baroda/IBL5d9bddd6e90a4,180.00,0.0,58939.96
,962,08/06/2024,08/06/2024,-,UPI/415796951250/collect-pay-req/yumresta.bd@ici/ICICI Bank/ICIf2beace7559e4074,0.0,517.96,59457.92
,963,08/06/2024,08/06/2024,-,UPI/452609744478/Payment from Ph/BBPSBP@ybl/Yes Bank Ltd/IBLaad337699b5d4055a7b,640.00,0.0,58817.92
,964,08/06/2024,08/06/2024,-,UPI/452676314799/Payment from Ph/BBPSBP@axl/Axis Bank Ltd./IBLa76320335bf04d818,1690.00,0.0,57127.92
,965,08/06/2024,08/06/2024,-,UPI/452618934896/Payment from Ph/EXPLOREXWEBONLI/Yes Bank Ltd/YBL9e6da93b82c747,1266.29,0.0,55861.63
,966,08/06/2024,08/06/2024,-,UPI/416049469993/Payment from Ph/BHARATPE9071998/Yes Bank Ltd/IBLb75fab942f9a4b,500.00,0.0,55361.63
,967,08/06/2024,08/06/2024,-,UPI/452616068361/Payment from Ph/Q636932914@ybl/Yes Bank Ltd/IBLadd4c39a102d4de,20.00,0.0,55341.63
,968,08/06/2024,08/06/2024,-,UPI/416065593842/Payment from Ph/9831318867@ybl/Andhra Bank/IBLca40c2bb95b04aa9,50.00,0.0,55291.63
,969,09/06/2024,10/06/2024,-,UPI/452796734750/UberRide/uberrides@hdfcb/HDFC BANK LTD/ICIb7313bb6ea1d468287af,323.63,0.0,54968.00
,970,09/06/2024,10/06/2024,-,UPI/416118904990/Payment from Ph/BHARATPE.900677/Federal Bank/IBLd72ab70ebcc34e,279.00,0.0,54689.00
,971,09/06/2024,10/06/2024,-,UPI/452769632968/UPIIntent/zolostays.payu@/INDUSIND BANK/PPPL201048576240906241,9300.00,0.0,45389.00
,972,09/06/2024,10/06/2024,-,UPI/452773749813/UPIIntent/zolostays.payu@/INDUSIND BANK/PPPL201048605140906241,5421.00,0.0,39968.00
,973,09/06/2024,10/06/2024,-,UPI/416119341786/Payment from Ph/paytmqr1hnb7dzh/Yes Bank Ltd/IBL097e4c734d3142,25.00,0.0,39943.00
,974,09/06/2024,10/06/2024,-,UPI/416193376369/Payment from Ph/BHARATPE9077200/Yes Bank Ltd/IBL2549f301e28a4f,480.00,0.0,39463.00
,975,09/06/2024,10/06/2024,-,UPI/416182270559/Payment from Ph/paytmqr1gzs4s09/Yes Bank Ltd/IBL507285b8f50b4c,50.00,0.0,39413.00
,976,09/06/2024,10/06/2024,-,UPI/416160327466/Payment from Ph/sai.nevergone@o/Janata Sahakari/IBL5913e4a3e96,10.00,0.0,39403.00
,977,09/06/2024,10/06/2024,-,UPI/416141422135/OidBR000AWYH4Z1/paytm-jiomobili/Yes Bank Ltd/PTM40609806140135,61.00,0.0,39342.00
,978,09/06/2024,10/06/2024,-,UPI/416128820612/payment on CRED/credpay.swiggy@/Axis Bank Ltd./ACD2248037176Mq,320.00,0.0,39022.00
,979,09/06/2024,10/06/2024,-,UPI/416152783618/Amazon Prime Re/amazon@rapl/Amazon RBL/RBA018ffe2d0f9c2d40e620,299.00,0.0,38723.00
,980,10/06/2024,10/06/2024,-,UPI/452886879193/UberRide/uberrides@hdfcb/HDFC BANK LTD/ICIf051c40da9df4cf782e4,359.58,0.0,38363.42
,981,10/06/2024,10/06/2024,-,UPI/416259137467/charge/uberrides@hdfcb/HDFC BANK LTD/HDF0650126B46E04E0EBE0DA8,49.84,0.0,38313.58
,982,10/06/2024,10/06/2024,-,UPI/416208314434/Payment from Ph/paytmqriq6d6e5u/Yes Bank Ltd/IBLf81f96f2092d4d,18.00,0.0,38295.58
,983,10/06/2024,10/06/2024,-,UPI/416283289904/Paid by Groww P/growwnbt1@yesg/Yes Bank Ltd/YJP240610082643QKJ,25000.00,0.0,13295.58
,984,10/06/2024,10/06/2024,-,UPI/416255478119/PayviaRazorpay/zomatoltd9.rzp@/Airtel Payments/ACD01J01DDP6B79,446.40,0.0,12849.18
,985,11/06/2024,11/06/2024,-,UPI/416301381839/Payment from Ph/sai.nevergone@o/Janata Sahakari/IBL49941aa50a5,45.00,0.0,12804.18
,986,11/06/2024,11/06/2024,-,UPI/416382933621/UberRide/uberrides@hdfcb/HDFC BANK LTD/ICI60648774978343719f3f,52.98,0.0,12751.20
,987,11/06/2024,11/06/2024,-,UPI/416345024542/Payment from Ph/paytmqriq6d6e5u/Yes Bank Ltd/IBL8de07ed02d2147,18.00,0.0,12733.20
,988,11/06/2024,11/06/2024,-,UPI/416319042003/Payment from Ph/paytmqrngh08kcf/Yes Bank Ltd/IBL10693a7611134e,10.00,0.0,12723.20
,989,11/06/2024,11/06/2024,-,UPI/416336037896/Payment from Ph/paytmqriq6d6e5u/Yes Bank Ltd/IBLaba16f53dd9546,18.00,0.0,12705.20
,990,11/06/2024,11/06/2024,-,UPI/452962541097/UberRide/uberrides@hdfcb/HDFC BANK LTD/ICI288b4cbfe93d4c15ae26,50.99,0.0,12654.21
,991,11/06/2024,11/06/2024,-,UPI/452979697552/Payment from Ph/8766563114@axl/State Bank Of I/IBLc147dbdcb939,50.00,0.0,12604.21
,992,11/06/2024,11/06/2024,-,UPI/416330187581/Payment from Ph/paytmqr58f8zb@p/Yes Bank Ltd/IBL3bf62ad2542643,100.00,0.0,12504.21
,993,11/06/2024,11/06/2024,-,UPI/416353508963/Zomato Payment/zomato-order@pa/Yes Bank Ltd/PYTM40611804739506,303.30,0.0,12200.91
,994,11/06/2024,11/06/2024,-,UPI/416358410473/Payment from Ph/sai.nevergone@o/Janata Sahakari/IBL5ada7fb67e0,10.00,0.0,12190.91
,995,11/06/2024,11/06/2024,-,UPI/416338382677/Payment from Ph/paytmqr1j6oqfvo/Yes Bank Ltd/IBLc788d24183bd4f,65.00,0.0,12125.91
,996,11/06/2024,11/06/2024,-,UPI/416377488663/Payment from Ph/sandeepmore9764/HDFC BANK LTD/IBLd7492e3260ad4,10.00,0.0,12115.91
,997,12/06/2024,12/06/2024,-,UPI/416490991090/Payment from Ph/sai.nevergone@o/Janata Sahakari/YBL78fd0e0a085,25.00,0.0,12090.91
,998,12/06/2024,12/06/2024,-,UPI/416418276621/Payment from Ph/paytmqr13z0sw5z/Yes Bank Ltd/IBL513d8ff9d69144,10.00,0.0,12080.91
,999,12/06/2024,12/06/2024,-,UPI/453053986655/UberRide/uberrides@hdfcb/HDFC BANK LTD/ICI94ca410f0c5946f396f4,50.99,0.0,12029.92
,1000,12/06/2024,12/06/2024,-,UPI/416484930956/Zomato Payment/zomato-order@pa/Yes Bank Ltd/PYTM40612804885135,678.80,0.0,11351.12
,1001,13/06/2024,13/06/2024,-,UPI/416529785135/Payment from Ph/sai.nevergone@o/Janata Sahakari/IBL591c79b3f4f,25.00,0.0,11326.12
,1002,13/06/2024,13/06/2024,-,UPI/453118628924/UberRide/uberrides@hdfcb/HDFC BANK LTD/ICI92e3e0bf5efb498db4ff,42.09,0.0,11284.03
,1003,13/06/2024,13/06/2024,-,UPI/416508666234/Payment from Ph/paytmqr571rxd@p/Yes Bank Ltd/IBLace101a9b07544,20.00,0.0,11264.03
,1004,13/06/2024,13/06/2024,-,UPI/416545521174/Payment from Ph/paytmqr1x3mel0x/Yes Bank Ltd/IBL7081943c5fed43,398.00,0.0,10866.03
,1005,13/06/2024,13/06/2024,-,UPI/453193382850/Payment from Ph/Q972334878@ybl/Yes Bank Ltd/IBL64dace281e5641d,10.00,0.0,10856.03
,1006,14/06/2024,14/06/2024,-,UPI/453273292032/Payment from Ph/Q972334878@ybl/Yes Bank Ltd/IBL8a8dae5bd17f489,25.00,0.0,10831.03
,1007,14/06/2024,14/06/2024,-,UPI/416671079035/UberRide/uberrides@hdfcb/HDFC BANK LTD/ICIbef5276f42784619bad8,51.56,0.0,10779.47
,1008,14/06/2024,14/06/2024,-,UPI/416687779905/Payment from Ph/gpay-1124411994/Axis Bank Ltd./IBLe0f5526f21fc,30.00,0.0,10749.47
,1009,14/06/2024,14/06/2024,-,UPI/416649095563/Payment from Ph/paytmqriq6d6e5u/Yes Bank Ltd/IBL05a43f7ac22349,18.00,0.0,10731.47
,1010,14/06/2024,14/06/2024,-,UPI/416694656441/Payment from Ph/paytmqr13z0sw5z/Yes Bank Ltd/IBL93603287233643,10.00,0.0,10721.47
,1011,14/06/2024,14/06/2024,-,UPI/416656507407/Payment from Ph/paytmqr2od3eyku/Yes Bank Ltd/IBL0bc46d22ec2e49,20.00,0.0,10701.47
,1012,14/06/2024,14/06/2024,-,UPI/416647219171/Payment from Ph/paytmqr1638nw@p/Yes Bank Ltd/IBL17252806d80a40,240.00,0.0,10461.47
,1013,14/06/2024,14/06/2024,-,UPI/453289733547/Payment from Ph/Q480746042@ybl/Yes Bank Ltd/IBLaa7bff5017f44be,90.00,0.0,10371.47
,1014,14/06/2024,14/06/2024,-,UPI/416641871662/Payment from Ph/paytmqr58f8zb@p/Yes Bank Ltd/IBL7dbd61befc5447,100.00,0.0,10271.47
,1015,14/06/2024,14/06/2024,-,UPI/416648565394/Payment from Ph/BHARATPE4000075/Yes Bank Ltd/IBLf288559522bf43,209.00,0.0,10062.47
,1016,14/06/2024,14/06/2024,-,UPI/453236242484/Payment from Ph/ashramguru@ibl/State Bank Of I/IBLf9fc9e70e911,2500.00,0.0,7562.47
,1017,14/06/2024,14/06/2024,-,UPI/453293601845/Payment from Ph/Q972334878@ybl/Yes Bank Ltd/IBLb3c3af4d0b7c48d,10.00,0.0,7552.47
,1018,15/06/2024,15/06/2024,-,INF/IWISH CONTRIBUTION                            ,3728.00,0.0,3824.47
,1019,15/06/2024,15/06/2024,-,UPI/453375335216/Payment from Ph/Q691196001@ybl/Yes Bank Ltd/IBL06a576d1688745c,10.00,0.0,3814.47
,1020,15/06/2024,15/06/2024,-,CLG/INFOBEANS CLOUDTECH LIM/000486/HDF/06.06.2024 ,0.0,43704.00,47518.47
,1021,15/06/2024,15/06/2024,-,UPI/416734823704/Payment from Ph/paytm-jiomobili/Yes Bank Ltd/PYTM4061580368462,121.00,0.0,47397.47
,1022,15/06/2024,15/06/2024,-,UPI/416700229290/UberRide/uberrides@hdfcb/HDFC BANK LTD/ICI3196d4880365405daaa0,51.56,0.0,47345.91
,1023,15/06/2024,15/06/2024,-,UPI/453328890155/Payment from Ph/7620381246@ibl/Bank of India/IBL78c66ee3cdd344,183.00,0.0,47162.91
,1024,15/06/2024,15/06/2024,-,UPI/453356140868/Payment from Ph/Q319911437@ybl/Yes Bank Ltd/IBL7fc8fbb654c6489,200.00,0.0,46962.91
,1025,16/06/2024,16/06/2024,-,UPI/416829818663/Payment from Ph/8240013107@payt/Indian Bank/IBL6a0cc3ab5e8b4fb,3450.00,0.0,43512.91
,1026,16/06/2024,16/06/2024,-,UPI/416889256041/Payment from Ph/payzomato@hdfcb/HDFC BANK LTD/IBL0c53fc1be2274,380.49,0.0,43132.42
,1027,16/06/2024,16/06/2024,-,UPI/416894491878/Payment from Ph/paytmqr582pfp@p/Yes Bank Ltd/IBLc333fa88ce9542,100.00,0.0,43032.42
,1028,16/06/2024,16/06/2024,-,UPI/416892216311/Payment from Ph/BHARATPE4000075/Yes Bank Ltd/IBL1ff7a003456141,327.00,0.0,42705.42
,1029,16/06/2024,16/06/2024,-,UPI/453467771842/Payment from Ph/Q972334878@ybl/Yes Bank Ltd/IBL9475333dacc1456,10.00,0.0,42695.42
,1030,17/06/2024,17/06/2024,-,UPI/453569965649/Payment from Ph/Q691196001@ybl/Yes Bank Ltd/IBL76058c93a275400,25.00,0.0,42670.42
,1031,17/06/2024,17/06/2024,-,UPI/416974939893/UberRide/uberrides@hdfcb/HDFC BANK LTD/ICIfdc444e0dede46d7801a,224.54,0.0,42445.88
,1032,17/06/2024,17/06/2024,-,UPI/416930291039/Payment from Ph/paytmqr5842du@p/Yes Bank Ltd/IBL2f3c3f9b5b484c,18.00,0.0,42427.88
,1033,17/06/2024,17/06/2024,-,UPI/416923487522/Payment from Ph/paytmqr13z0sw5z/Yes Bank Ltd/IBL5659ab6bae7a44,10.00,0.0,42417.88
,1034,17/06/2024,17/06/2024,-,UPI/416908018693/Payment from Ph/paytmqryk2ppodr/Yes Bank Ltd/IBL67b36997789348,20.00,0.0,42397.88
,1035,17/06/2024,17/06/2024,-,UPI/416907765032/Payment from Ph/paytmqr12otaa4v/Yes Bank Ltd/IBL98f4b791cb6445,200.00,0.0,42197.88
,1036,17/06/2024,17/06/2024,-,UPI/453517600573/Payment from Ph/Q972334878@ybl/Yes Bank Ltd/IBL0963f4ab0c4c483,10.00,0.0,42187.88
,1037,18/06/2024,18/06/2024,-,UPI/453636141599/Payment from Ph/Q691196001@ybl/Yes Bank Ltd/IBL0fda4ae5860a4a1,35.00,0.0,42152.88
,1038,18/06/2024,18/06/2024,-,UPI/453694674494/UberRide/uberrides@hdfcb/HDFC BANK LTD/ICIc6ddf23727ee475792b6,52.71,0.0,42100.17
,1039,18/06/2024,18/06/2024,-,UPI/417085049857/charge/uberrides@hdfcb/HDFC BANK LTD/HDF7BC56EFE78024FA891BD2A,53.28,0.0,42046.89
,1040,18/06/2024,18/06/2024,-,UPI/417049979412/Indian Clearing/mutualfunds.ele/ICICI Bank/ICI9cde8878507e4de0,1000.00,0.0,41046.89
,1041,18/06/2024,18/06/2024,-,UPI/417026503217/Payment from Ph/paytmqr14pcsm@p/Yes Bank Ltd/IBL33b810e2985441,18.00,0.0,41028.89
,1042,18/06/2024,18/06/2024,-,UPI/417084744520/Payment from Ph/paytmqr583s62@p/Yes Bank Ltd/IBL5dd1daafa2f746,10.00,0.0,41018.89
,1043,18/06/2024,18/06/2024,-,UPI/417013026885/Payment from Ph/paytmqr13cyqp3r/Yes Bank Ltd/IBL9f1ceca0e54c40,160.00,0.0,40858.89
,1044,18/06/2024,18/06/2024,-,UPI/417045888138/Payment from Ph/paytmqr1hnb7dzh/Yes Bank Ltd/IBL2c238cd902b446,50.00,0.0,40808.89
,1045,18/06/2024,18/06/2024,-,UPI/417020800943/Payment from Ph/paytmqr582pfp@p/Yes Bank Ltd/IBL24aa984abca84a,20.00,0.0,40788.89
,1046,19/06/2024,19/06/2024,-,UPI/453758076954/Payment from Ph/Q691196001@ybl/Yes Bank Ltd/IBL927487a2340b4fe,35.00,0.0,40753.89
,1047,19/06/2024,19/06/2024,-,UPI/453737220861/Payment from Ph/7410170893@ybl/Bank of Baroda/IBLc0f6f5de61b64,50.00,0.0,40703.89
,1048,19/06/2024,19/06/2024,-,UPI/417159223615/Payment from Ph/paytmqr5843u1@p/Yes Bank Ltd/IBL3d30f351deaa4c,20.00,0.0,40683.89
,1049,19/06/2024,19/06/2024,-,UPI/417116681353/Payment from Ph/paytmqr583s62@p/Yes Bank Ltd/IBL4d67e26a999c40,10.00,0.0,40673.89
,1050,19/06/2024,19/06/2024,-,UPI/417191466499/Payment from Ph/paytmqr58f8zb@p/Yes Bank Ltd/IBLde6687d8345d41,100.00,0.0,40573.89
,1051,20/06/2024,20/06/2024,-,UPI/453821699363/Payment from Ph/Q972334878@ybl/Yes Bank Ltd/IBLb2f4ce0e5b46466,35.00,0.0,40538.89
,1052,20/06/2024,20/06/2024,-,UPI/417255567990/Payment from Ph/paytmqr5843tp@p/Yes Bank Ltd/IBLac4d76366b9741,18.00,0.0,40520.89
,1053,20/06/2024,20/06/2024,-,UPI/417222051876/Payment from Ph/paytmqr5843tp@p/Yes Bank Ltd/IBL5e28d1258c7c4e,10.00,0.0,40510.89
,1054,20/06/2024,20/06/2024,-,UPI/417219559167/Payment from Ph/paytmqr5843tp@p/Yes Bank Ltd/IBL17c4ae917e454d,18.00,0.0,40492.89
,1055,20/06/2024,20/06/2024,-,UPI/417248517145/payment on CRED/credpay.swiggy@/Axis Bank Ltd./ACD2271399913Jd,367.00,0.0,40125.89
,1056,20/06/2024,20/06/2024,-,UPI/417204605872/Payment from Ph/paytmqr58f8zb@p/Yes Bank Ltd/IBLf02a7a2909a444,100.00,0.0,40025.89
,1057,21/06/2024,21/06/2024,-,UPI/453989852091/Payment from Ph/Q972334878@ybl/Yes Bank Ltd/IBL3de2c8e6664f480,35.00,0.0,39990.89
,1058,21/06/2024,21/06/2024,-,UPI/417350310812/UberRide/uberrides@hdfcb/HDFC BANK LTD/ICIc7809d80d55245dc9421,54.43,0.0,39936.46
,1059,21/06/2024,21/06/2024,-,UPI/453970407712/Payment from Ph/ACEKITCHONLINE@/Yes Bank Ltd/IBL7b012b0419864b,105.00,0.0,39831.46
,1060,21/06/2024,21/06/2024,-,UPI/417367322192/Payment from Ph/paytmqr14pcsm@p/Yes Bank Ltd/IBL5054343e9b2f40,18.00,0.0,39813.46
,1061,22/06/2024,22/06/2024,-,BIL/000858797892/ICICI BANK CREDIT CA/524193395550,17424.22,0.0,22389.24
,1062,22/06/2024,22/06/2024,-,UPI/417491831585/Payment from Ph/paytmqr1638nw@p/Yes Bank Ltd/IBL858f6d17347a4b,2600.00,0.0,19789.24
,1063,22/06/2024,22/06/2024,-,UPI/417465597788/Payment from Ph/paytmqrd29nv7db/Yes Bank Ltd/IBL35f35872b1cf47,350.00,0.0,19439.24
,1064,22/06/2024,22/06/2024,-,UPI/454022874803/UberRide/uberrides@hdfcb/HDFC BANK LTD/ICIeb00a8d340c34a78a61e,54.43,0.0,19384.81
,1065,23/06/2024,23/06/2024,-,UPI/490721983792/Oid100005065110/paytm-irctcapp@/Yes Bank Ltd/PTM40623804896477,654.50,0.0,18730.31
,1066,23/06/2024,23/06/2024,-,UPI/490722105667/Oid100005065110/paytm-irctcapp@/Yes Bank Ltd/PTM40623804905873,1404.50,0.0,17325.81
,1067,23/06/2024,23/06/2024,-,UPI/454121255715/Payment from Ph/9850927358@ybl/Union Bank of I/IBL70dac8b7bf14,481.00,0.0,16844.81
,1068,23/06/2024,23/06/2024,-,UPI/417528508833/Payment from Ph/cf.drogheriasel/ICICI Bank/IBL5f2dcbf1eace431a,367.90,0.0,16476.91
,1069,24/06/2024,24/06/2024,-,UPI/454275869532/Payment from Ph/Q972334878@ybl/Yes Bank Ltd/IBL4a5d82ba711e477,45.00,0.0,16431.91
,1070,24/06/2024,24/06/2024,-,UPI/417685936130/Payment from Ph/paytmqr14pcsm@p/Yes Bank Ltd/IBL56cbe7e6fedc4b,18.00,0.0,16413.91
,1071,24/06/2024,24/06/2024,-,UPI/417646858193/Payment from Ph/paytmqr583s62@p/Yes Bank Ltd/IBL745179076e354f,15.00,0.0,16398.91
,1072,24/06/2024,24/06/2024,-,UPI/417694546101/Payment from Ph/BHARATPE9077200/Yes Bank Ltd/IBL287db251240c4e,668.00,0.0,15730.91
,1073,24/06/2024,24/06/2024,-,UPI/490839690384/collect/paytm-irctcapp@/Yes Bank Ltd/PTM410dec4760ae4812b2812c,0.0,1404.50,17135.41
,1074,24/06/2024,24/06/2024,-,UPI/417663573022/Payment from Ph/swiggyupi@axb/Axis Bank Ltd./AXB35bbbeee3b854b,247.00,0.0,16888.41
,1075,25/06/2024,25/06/2024,-,UPI/Q972334878@ybl/Payment from Ph/Yes Bank Ltd/454388238317/IBL93ef40cbd8a2404,35.00,0.0,16853.41
,1076,25/06/2024,25/06/2024,-,UPI/454369301369/UberRide/uberrides@hdfcb/HDFC BANK LTD/ICI7b3bd1ed1e4d41b68468,53.28,0.0,16800.13
,1077,25/06/2024,25/06/2024,-,UPI/417707015714/charge/uberrides@hdfcb/HDFC BANK LTD/HDF9D2BAC4BBFC64B298AE7E1,53.28,0.0,16746.85
,1078,25/06/2024,25/06/2024,-,UPI/417714319603/Payment from Ph/paytmqr14pcsm@p/Yes Bank Ltd/IBLc7cdb62110ee47,18.00,0.0,16728.85
,1079,25/06/2024,25/06/2024,-,UPI/417734251822/Payment from Ph/paytmqr583s62@p/Yes Bank Ltd/IBL30b07941e3ba47,10.00,0.0,16718.85
,Legends Used in Account Statement,,,,,,,
,1. BBPS - Bharat Bill Payment Service,,,,,,,
,2. BCTT - Banking Cash Transaction Tax,,,,,,,
,3. BIL - Internet Bill payment or funds transfer to Third party,,,,,,,
,4. BPAY - Bill payment,,,,,,,
,5. CCWD - Cardless Cash Withdrawal,,,,,,,
,6. DTAX - Direct Tax,,,,,,,
,7. EBA - Transaction on ICICI Direct,,,,,,,
,8. IDTX - Indirect Tax,,,,,,,
,9. IMPS - Immediate Payment Service,,,,,,,
,10. INF - Internet fund transfer in linked accounts,,,,,,,
,11. INFT - Internal Fund Transfer (Within ICICI Bank),,,,,,,
,12. LCCBRN CMS - Local cheque collection,,,,,,,
,13. LNPY - Linked loan payment,,,,,,,
,14. MMT - Mobile Money Transfer (Insta FT - IMPS),,,,,,,
,15. N chg - NEFT Charges,,,,,,,
,16. NEFT - National Electronics Funds Transfer System (Other Bank Fund transfer),,,,,,,
,17. ONL - Online Shopping transaction (Payment done on third party website),,,,,,,
,18. PAC - Personal Accident cover,,,,,,,
,19. PAVC - Pay any Visa credit card,,,,,,,
,20. PAYC - Pay to Contact,,,,,,,
,21. RCHG - Recharge,,,,,,,
,22. SGB	- Sovereign gold bond,,,,,,,
,23. SMO - Smart Money order,,,,,,,
,24. T Chg - Travel Charges,,,,,,,
,25. TOP - Mobile recharge,,,,,,,
,26. UCCBRN CMS - Upcountry cheque collection,,,,,,,
,27. VAT / MAT / NFS - Cash withdrawal at other bank ATM,,,,,,,
,28. VPS / IPS - Debit card transaction,,,,,,,
